<?xml version="1.0" encoding="UTF-8"?>
<!DOCTYPE html PUBLIC "-//W3C//DTD XHTML 1.0 Transitional//EN"
    "http://www.w3.org/TR/xhtml1/DTD/xhtml1-transitional.dtd">
<html xmlns="http://www.w3.org/1999/xhtml" xml:lang="en" lang="en">
 <head>
  <title>
</title>
<meta http-equiv="Content-Type" content="text/html;charset=utf-8" />
  <meta name='ocr-system' content='tesseract 3.04.00' />
  <meta name='ocr-capabilities' content='ocr_page ocr_carea ocr_par ocr_line ocrx_word'/>
</head>
<body>
  <div class='ocr_page' id='page_1' title='image "./lucretiiphiloso01woltgoog_0188.png"; bbox 0 0 3529 5359; ppageno 0'>
   <div class='ocr_carea' id='block_1_1' title="bbox 1345 1083 2453 1180">
    <p class='ocr_par' dir='ltr' id='par_1_1' title="bbox 1345 1083 2453 1180">
     <span class='ocr_line' id='line_1_1' title="bbox 1345 1083 2453 1180; baseline 0.001 -5"><span class='ocrx_word' id='word_1_1' title='bbox 1345 1083 2453 1180; x_wconf 78' lang='lat' dir='ltr'><strong>EPILOGUS.·</strong></span> 
     </span>
    </p>
   </div>
   <div class='ocr_carea' id='block_1_2' title="bbox 638 1864 3109 4767">
    <p class='ocr_par' dir='ltr' id='par_1_2' title="bbox 638 1864 3109 4767">
     <span class='ocr_line' id='line_1_2' title="bbox 734 1864 3105 1951; baseline 0 -21"><span class='ocrx_word' id='word_1_2' title='bbox 734 1865 946 1930; x_wconf 81' lang='lat' dir='ltr'><strong>Aliter</strong></span> <span class='ocrx_word' id='word_1_3' title='bbox 1003 1864 1425 1951; x_wconf 90' lang='lat' dir='ltr'><strong>philosophus</strong></span> <span class='ocrx_word' id='word_1_4' title='bbox 1493 1887 1595 1930; x_wconf 89' lang='lat' dir='ltr'><strong>res</strong></span> <span class='ocrx_word' id='word_1_5' title='bbox 1661 1865 2168 1951; x_wconf 78' lang='lat' dir='ltr'>contemplatur,</span> <span class='ocrx_word' id='word_1_6' title='bbox 2237 1866 2424 1930; x_wconf 88' lang='lat' dir='ltr'><strong>aliter</strong></span> <span class='ocrx_word' id='word_1_7' title='bbox 2482 1872 2689 1950; x_wconf 90' lang='lat' dir='ltr'><strong>poeta.</strong></span> <span class='ocrx_word' id='word_1_8' title='bbox 2780 1865 2899 1929; x_wconf 92' lang='lat' dir='ltr'><strong>Ille</strong></span> <span class='ocrx_word' id='word_1_9' title='bbox 2945 1871 3105 1930; x_wconf 86' lang='lat' dir='ltr'><strong>ante</strong></span> 
     </span>
     <span class='ocr_line' id='line_1_3' title="bbox 650 1982 3109 2071; baseline -0.001 -22"><span class='ocrx_word' id='word_1_10' title='bbox 650 1984 864 2049; x_wconf 82' lang='lat' dir='ltr'><strong>omnia</strong></span> <span class='ocrx_word' id='word_1_11' title='bbox 905 1983 1244 2048; x_wconf 86' lang='lat' dir='ltr'><strong>veritatem</strong></span> <span class='ocrx_word' id='word_1_12' title='bbox 1288 1983 1735 2071; x_wconf 85' lang='lat' dir='ltr'><strong>inquirendam</strong></span> <span class='ocrx_word' id='word_1_13' title='bbox 1781 1989 2007 2069; x_wconf 91' lang='lat' dir='ltr'><strong>putat,</strong></span> <span class='ocrx_word' id='word_1_14' title='bbox 2054 1982 2158 2048; x_wconf 91' lang='lat' dir='ltr'><strong>hic</strong></span> <span class='ocrx_word' id='word_1_15' title='bbox 2203 1989 2420 2047; x_wconf 87' lang='lat' dir='ltr'><strong>autem</strong></span> <span class='ocrx_word' id='word_1_16' title='bbox 2464 2004 2629 2070; x_wconf 90' lang='lat' dir='ltr'><strong>quae</strong></span> <span class='ocrx_word' id='word_1_17' title='bbox 2672 1983 2884 2069; x_wconf 92' lang='lat' dir='ltr'><strong>ipsum</strong></span> <span class='ocrx_word' id='word_1_18' title='bbox 2928 2004 3109 2046; x_wconf 91' lang='lat' dir='ltr'><strong>com-</strong></span> 
     </span>
     <span class='ocr_line' id='line_1_4' title="bbox 644 2099 3105 2186; baseline -0 -21"><span class='ocrx_word' id='word_1_19' title='bbox 644 2106 907 2166; x_wconf 85' lang='lat' dir='ltr'><strong>movent</strong></span> <span class='ocrx_word' id='word_1_20' title='bbox 971 2101 1159 2166; x_wconf 90' lang='lat' dir='ltr'><strong>canit.</strong></span> <span class='ocrx_word' id='word_1_21' title='bbox 1251 2101 1373 2164; x_wconf 91' lang='lat' dir='ltr'><strong>Ille</strong></span> <span class='ocrx_word' id='word_1_22' title='bbox 1418 2101 1637 2165; x_wconf 89' lang='lat' dir='ltr'><strong>multis</strong></span> <span class='ocrx_word' id='word_1_23' title='bbox 1683 2101 2143 2186; x_wconf 79' lang='lat' dir='ltr'><strong>experimentis</strong></span> <span class='ocrx_word' id='word_1_24' title='bbox 2188 2099 2487 2164; x_wconf 80' lang='lat' dir='ltr'><strong>adhibitis</strong></span> <span class='ocrx_word' id='word_1_25' title='bbox 2533 2100 2717 2164; x_wconf 87' lang='lat' dir='ltr'><strong>iustis</strong></span> <span class='ocrx_word' id='word_1_26' title='bbox 2760 2099 3105 2164; x_wconf 89' lang='lat' dir='ltr'><strong>ratiocina-</strong></span> 
     </span>
     <span class='ocr_line' id='line_1_5' title="bbox 646 2217 3103 2303; baseline -0.001 -20"><span class='ocrx_word' id='word_1_27' title='bbox 646 2218 926 2283; x_wconf 83' lang='lat' dir='ltr'><strong>tionibus</strong></span> <span class='ocrx_word' id='word_1_28' title='bbox 969 2240 1184 2283; x_wconf 90' lang='lat' dir='ltr'><strong>rerum</strong></span> <span class='ocrx_word' id='word_1_29' title='bbox 1229 2224 1524 2283; x_wconf 88' lang='lat' dir='ltr'><strong>naturam</strong></span> <span class='ocrx_word' id='word_1_30' title='bbox 1571 2239 1954 2302; x_wconf 80' lang='lat' dir='ltr'><strong>cognoscere</strong></span> <span class='ocrx_word' id='word_1_31' title='bbox 2002 2218 2209 2303; x_wconf 89' lang='lat' dir='ltr'><strong>cupit:</strong></span> <span class='ocrx_word' id='word_1_32' title='bbox 2260 2218 2473 2282; x_wconf 91' lang='lat' dir='ltr'><strong>omnia</strong></span> <span class='ocrx_word' id='word_1_33' title='bbox 2518 2217 2804 2281; x_wconf 90' lang='lat' dir='ltr'><strong>dissolvit</strong></span> <span class='ocrx_word' id='word_1_34' title='bbox 2847 2223 2919 2280; x_wconf 93' lang='lat' dir='ltr'><strong>ut</strong></span> <span class='ocrx_word' id='word_1_35' title='bbox 2961 2238 3103 2280; x_wconf 91' lang='lat' dir='ltr'><strong>mo-</strong></span> 
     </span>
     <span class='ocr_line' id='line_1_6' title="bbox 645 2333 3104 2422; baseline -0.002 -22"><span class='ocrx_word' id='word_1_36' title='bbox 645 2335 798 2402; x_wconf 92' lang='lat' dir='ltr'><strong>dum</strong></span> <span class='ocrx_word' id='word_1_37' title='bbox 843 2357 966 2422; x_wconf 92' lang='lat' dir='ltr'><strong>quo</strong></span> <span class='ocrx_word' id='word_1_38' title='bbox 998 2335 1380 2400; x_wconf 83' lang='lat' dir='ltr'><strong>cohaereant</strong></span> <span class='ocrx_word' id='word_1_39' title='bbox 1411 2356 1512 2399; x_wconf 90' lang='lat' dir='ltr'><strong>res</strong></span> <span class='ocrx_word' id='word_1_40' title='bbox 1541 2336 1785 2419; x_wconf 86' lang='lat' dir='ltr'><strong>videat,</strong></span> <span class='ocrx_word' id='word_1_41' title='bbox 1819 2336 2131 2422; x_wconf 91' lang='lat' dir='ltr'><strong>quomodo</strong></span> <span class='ocrx_word' id='word_1_42' title='bbox 2165 2341 2445 2399; x_wconf 88' lang='lat' dir='ltr'><strong>mentem</strong></span> <span class='ocrx_word' id='word_1_43' title='bbox 2478 2356 2657 2399; x_wconf 90' lang='lat' dir='ltr'><strong>suam</strong></span> <span class='ocrx_word' id='word_1_44' title='bbox 2690 2355 2789 2398; x_wconf 89' lang='lat' dir='ltr'><strong>res</strong></span> <span class='ocrx_word' id='word_1_45' title='bbox 2816 2333 3104 2398; x_wconf 86' lang='lat' dir='ltr'><strong>afficiant</strong></span> 
     </span>
     <span class='ocr_line' id='line_1_7' title="bbox 643 2452 3104 2539; baseline -0.002 -22"><span class='ocrx_word' id='word_1_46' title='bbox 643 2475 771 2517; x_wconf 92' lang='lat' dir='ltr'><strong>non</strong></span> <span class='ocrx_word' id='word_1_47' title='bbox 840 2453 1123 2539; x_wconf 87' lang='lat' dir='ltr'><strong>quaerit,</strong></span> <span class='ocrx_word' id='word_1_48' title='bbox 1193 2453 1306 2516; x_wconf 89' lang='lat' dir='ltr'><strong>sed</strong></span> <span class='ocrx_word' id='word_1_49' title='bbox 1376 2453 1777 2538; x_wconf 90' lang='lat' dir='ltr'><strong>potissimum</strong></span> <span class='ocrx_word' id='word_1_50' title='bbox 1822 2453 2209 2537; x_wconf 86' lang='lat' dir='ltr'><strong>investigare</strong></span> <span class='ocrx_word' id='word_1_51' title='bbox 2256 2453 2511 2535; x_wconf 87' lang='lat' dir='ltr'><strong>studet,</strong></span> <span class='ocrx_word' id='word_1_52' title='bbox 2558 2453 2777 2539; x_wconf 89' lang='lat' dir='ltr'><strong>quales</strong></span> <span class='ocrx_word' id='word_1_53' title='bbox 2824 2452 2949 2514; x_wconf 90' lang='lat' dir='ltr'><strong>sint</strong></span> <span class='ocrx_word' id='word_1_54' title='bbox 2994 2471 3104 2514; x_wconf 83' lang='lat' dir='ltr'><strong>res</strong></span> 
     </span>
     <span class='ocr_line' id='line_1_8' title="bbox 646 2569 3101 2656; baseline -0.002 -22"><span class='ocrx_word' id='word_1_55' title='bbox 646 2591 761 2656; x_wconf 90' lang='lat' dir='ltr'><strong>per</strong></span> <span class='ocrx_word' id='word_1_56' title='bbox 829 2590 916 2633; x_wconf 90' lang='grc'><strong>86.</strong></span> <span class='ocrx_word' id='word_1_57' title='bbox 1007 2569 1214 2634; x_wconf 92' lang='lat' dir='ltr'><strong>Poeta</strong></span> <span class='ocrx_word' id='word_1_58' title='bbox 1258 2577 1473 2634; x_wconf 91' lang='lat' dir='ltr'><strong>autem</strong></span> <span class='ocrx_word' id='word_1_59' title='bbox 1520 2569 1740 2633; x_wconf 93' lang='lat' dir='ltr'><strong>mundi</strong></span> <span class='ocrx_word' id='word_1_60' title='bbox 1787 2571 2133 2654; x_wconf 89' lang='lat' dir='ltr'><strong>imaginem</strong></span> <span class='ocrx_word' id='word_1_61' title='bbox 2180 2569 2517 2651; x_wconf 89' lang='lat' dir='ltr'><strong>describit,</strong></span> <span class='ocrx_word' id='word_1_62' title='bbox 2580 2569 2834 2655; x_wconf 89' lang='lat' dir='ltr'><strong>qualem</strong></span> <span class='ocrx_word' id='word_1_63' title='bbox 2878 2572 3101 2632; x_wconf 85' lang='lat' dir='ltr'><strong>mente</strong></span> 
     </span>
     <span class='ocr_line' id='line_1_9' title="bbox 647 2686 3101 2774; baseline -0.001 -21"><span class='ocrx_word' id='word_1_64' title='bbox 647 2710 762 2753; x_wconf 90' lang='lat' dir='ltr'><strong>sua</strong></span> <span class='ocrx_word' id='word_1_65' title='bbox 829 2688 1161 2774; x_wconf 86' lang='lat' dir='ltr'><strong>percepit,</strong></span> <span class='ocrx_word' id='word_1_66' title='bbox 1232 2689 1412 2773; x_wconf 88' lang='lat' dir='ltr'><strong>quasi</strong></span> <span class='ocrx_word' id='word_1_67' title='bbox 1473 2689 1712 2752; x_wconf 90' lang='lat' dir='ltr'><strong>intuitu</strong></span> <span class='ocrx_word' id='word_1_68' title='bbox 1780 2690 1991 2752; x_wconf 90' lang='lat' dir='ltr'><strong>omnia</strong></span> <span class='ocrx_word' id='word_1_69' title='bbox 2034 2709 2161 2752; x_wconf 92' lang='lat' dir='ltr'><strong>uno</strong></span> <span class='ocrx_word' id='word_1_70' title='bbox 2208 2694 2495 2773; x_wconf 90' lang='lat' dir='ltr'><strong>tempore</strong></span> <span class='ocrx_word' id='word_1_71' title='bbox 2540 2688 2902 2773; x_wconf 87' lang='lat' dir='ltr'><strong>perlustrat.</strong></span> <span class='ocrx_word' id='word_1_72' title='bbox 2990 2686 3101 2750; x_wconf 89' lang='lat' dir='ltr'><strong>In-</strong></span> 
     </span>
     <span class='ocr_line' id='line_1_10' title="bbox 648 2803 3101 2891; baseline -0.001 -23"><span class='ocrx_word' id='word_1_73' title='bbox 648 2806 1022 2889; x_wconf 89' lang='lat' dir='ltr'><strong>tellegentia</strong></span> <span class='ocrx_word' id='word_1_74' title='bbox 1069 2805 1133 2867; x_wconf 92' lang='lat' dir='ltr'><strong>in</strong></span> <span class='ocrx_word' id='word_1_75' title='bbox 1183 2804 1598 2891; x_wconf 88' lang='lat' dir='ltr'><strong>philosopho,</strong></span> <span class='ocrx_word' id='word_1_76' title='bbox 1646 2826 1867 2869; x_wconf 90' lang='lat' dir='ltr'><strong>sensus</strong></span> <span class='ocrx_word' id='word_1_77' title='bbox 1911 2806 1979 2868; x_wconf 88' lang='lat' dir='ltr'><strong>in</strong></span> <span class='ocrx_word' id='word_1_78' title='bbox 2024 2810 2215 2890; x_wconf 90' lang='lat' dir='ltr'><strong>poeta</strong></span> <span class='ocrx_word' id='word_1_79' title='bbox 2261 2805 2637 2868; x_wconf 86' lang='lat' dir='ltr'><strong>dominatur.</strong></span> <span class='ocrx_word' id='word_1_80' title='bbox 2698 2804 2857 2867; x_wconf 92' lang='lat' dir='ltr'><strong>Inde</strong></span> <span class='ocrx_word' id='word_1_81' title='bbox 2885 2803 3101 2867; x_wconf 76' lang='lat' dir='ltr'><strong>aliam</strong></span> 
     </span>
     <span class='ocr_line' id='line_1_11' title="bbox 647 2921 3095 3008; baseline -0.002 -21"><span class='ocrx_word' id='word_1_82' title='bbox 647 2924 962 2987; x_wconf 88' lang='lat' dir='ltr'><strong>rationem</strong></span> <span class='ocrx_word' id='word_1_83' title='bbox 1030 2923 1098 2987; x_wconf 91' lang='lat' dir='ltr'><strong>in</strong></span> <span class='ocrx_word' id='word_1_84' title='bbox 1166 2923 1356 2986; x_wconf 90' lang='lat' dir='ltr'><strong>rebus</strong></span> <span class='ocrx_word' id='word_1_85' title='bbox 1420 2923 1768 2987; x_wconf 86' lang='lat' dir='ltr'><strong>scribendis</strong></span> <span class='ocrx_word' id='word_1_86' title='bbox 1828 2921 2243 3008; x_wconf 90' lang='lat' dir='ltr'><strong>philosophus</strong></span> <span class='ocrx_word' id='word_1_87' title='bbox 2304 2922 2591 3007; x_wconf 90' lang='lat' dir='ltr'><strong>sequitur</strong></span> <span class='ocrx_word' id='word_1_88' title='bbox 2649 2942 2839 3007; x_wconf 90' lang='lat' dir='ltr'><strong>quam</strong></span> <span class='ocrx_word' id='word_1_89' title='bbox 2882 2926 3095 3006; x_wconf 90' lang='lat' dir='ltr'><strong>poeta.</strong></span> 
     </span>
     <span class='ocr_line' id='line_1_12' title="bbox 648 3037 3097 3124; baseline -0.001 -21"><span class='ocrx_word' id='word_1_90' title='bbox 648 3040 769 3103; x_wconf 93' lang='lat' dir='ltr'><strong>Ille</strong></span> <span class='ocrx_word' id='word_1_91' title='bbox 796 3090 812 3123; x_wconf 92' lang='lat'><strong>,</strong></span> <span class='ocrx_word' id='word_1_92' title='bbox 883 3061 1028 3103; x_wconf 91' lang='lat' dir='ltr'><strong>cum</strong></span> <span class='ocrx_word' id='word_1_93' title='bbox 1085 3040 1294 3124; x_wconf 86' lang='lat' dir='ltr'><strong>logica</strong></span> <span class='ocrx_word' id='word_1_94' title='bbox 1359 3045 1495 3103; x_wconf 91' lang='lat' dir='ltr'><strong>arte</strong></span> <span class='ocrx_word' id='word_1_95' title='bbox 1567 3040 1865 3122; x_wconf 91' lang='lat' dir='ltr'><strong>ducatur,</strong></span> <span class='ocrx_word' id='word_1_96' title='bbox 1933 3040 2143 3103; x_wconf 91' lang='lat' dir='ltr'><strong>minus</strong></span> <span class='ocrx_word' id='word_1_97' title='bbox 2205 3045 2301 3103; x_wconf 91' lang='lat' dir='ltr'><strong>est</strong></span> <span class='ocrx_word' id='word_1_98' title='bbox 2344 3039 2507 3102; x_wconf 89' lang='lat' dir='ltr'><strong>liber</strong></span> <span class='ocrx_word' id='word_1_99' title='bbox 2550 3038 2618 3102; x_wconf 91' lang='lat' dir='ltr'><strong>in</strong></span> <span class='ocrx_word' id='word_1_100' title='bbox 2661 3037 2853 3101; x_wconf 88' lang='lat' dir='ltr'><strong>rebus</strong></span> <span class='ocrx_word' id='word_1_101' title='bbox 2898 3058 3097 3122; x_wconf 81' lang='lat' dir='ltr'><strong>expo-</strong></span> 
     </span>
     <span class='ocr_line' id='line_1_13' title="bbox 647 3155 3098 3243; baseline -0.002 -22"><span class='ocrx_word' id='word_1_102' title='bbox 647 3157 908 3221; x_wconf 88' lang='lat' dir='ltr'><strong>nendis:</strong></span> <span class='ocrx_word' id='word_1_103' title='bbox 955 3155 1077 3221; x_wconf 90' lang='lat' dir='ltr'><strong>hae</strong></span> <span class='ocrx_word' id='word_1_104' title='bbox 1123 3157 1300 3242; x_wconf 89' lang='lat' dir='ltr'><strong>ipsae</strong></span> <span class='ocrx_word' id='word_1_105' title='bbox 1348 3157 1407 3221; x_wconf 93' lang='lat' dir='ltr'><strong>ei</strong></span> <span class='ocrx_word' id='word_1_106' title='bbox 1451 3157 1624 3221; x_wconf 86' lang='lat' dir='ltr'><strong>viam</strong></span> <span class='ocrx_word' id='word_1_107' title='bbox 1669 3158 1848 3243; x_wconf 88' lang='lat' dir='ltr'><strong>quasi</strong></span> <span class='ocrx_word' id='word_1_108' title='bbox 1894 3158 2353 3243; x_wconf 89' lang='lat' dir='ltr'><strong>praescribunt.</strong></span> <span class='ocrx_word' id='word_1_109' title='bbox 2400 3156 2640 3221; x_wconf 90' lang='lat' dir='ltr'><strong>Poetae</strong></span> <span class='ocrx_word' id='word_1_110' title='bbox 2671 3161 2920 3237; x_wconf 87' lang='lat' dir='ltr'><strong>autem,</strong></span> <span class='ocrx_word' id='word_1_111' title='bbox 2946 3176 3098 3218; x_wconf 89' lang='lat' dir='ltr'><strong>cum</strong></span> 
     </span>
     <span class='ocr_line' id='line_1_14' title="bbox 646 3272 3095 3361; baseline -0 -24"><span class='ocrx_word' id='word_1_112' title='bbox 646 3273 1044 3337; x_wconf 89' lang='lat' dir='ltr'><strong>audientium</strong></span> <span class='ocrx_word' id='word_1_113' title='bbox 1091 3273 1334 3337; x_wconf 91' lang='lat' dir='ltr'><strong>animos</strong></span> <span class='ocrx_word' id='word_1_114' title='bbox 1366 3294 1760 3337; x_wconf 80' lang='lat' dir='ltr'><strong>commovere</strong></span> <span class='ocrx_word' id='word_1_115' title='bbox 1785 3274 1989 3360; x_wconf 90' lang='lat' dir='ltr'><strong>iisque</strong></span> <span class='ocrx_word' id='word_1_116' title='bbox 2014 3275 2395 3361; x_wconf 89' lang='lat' dir='ltr'><strong>persuadere</strong></span> <span class='ocrx_word' id='word_1_117' title='bbox 2419 3274 2812 3360; x_wconf 88' lang='lat' dir='ltr'><strong>propositum</strong></span> <span class='ocrx_word' id='word_1_118' title='bbox 2836 3272 3095 3355; x_wconf 90' lang='lat' dir='ltr'><strong>habeat,</strong></span> 
     </span>
     <span class='ocr_line' id='line_1_15' title="bbox 645 3390 3095 3477; baseline -0.001 -22"><span class='ocrx_word' id='word_1_119' title='bbox 645 3411 749 3455; x_wconf 94' lang='lat' dir='ltr'><strong>res</strong></span> <span class='ocrx_word' id='word_1_120' title='bbox 795 3391 885 3454; x_wconf 90' lang='lat' dir='ltr'><strong>sic</strong></span> <span class='ocrx_word' id='word_1_121' title='bbox 930 3390 1082 3455; x_wconf 90' lang='lat' dir='ltr'><strong>licet</strong></span> <span class='ocrx_word' id='word_1_122' title='bbox 1129 3390 1419 3455; x_wconf 89' lang='lat' dir='ltr'><strong>ordinare</strong></span> <span class='ocrx_word' id='word_1_123' title='bbox 1442 3441 1458 3474; x_wconf 90' lang='lat'><strong>,</strong></span> <span class='ocrx_word' id='word_1_124' title='bbox 1504 3397 1576 3454; x_wconf 92' lang='lat' dir='ltr'><strong>ut</strong></span> <span class='ocrx_word' id='word_1_125' title='bbox 1622 3413 1812 3477; x_wconf 90' lang='lat' dir='ltr'><strong>quam</strong></span> <span class='ocrx_word' id='word_1_126' title='bbox 1844 3391 2168 3477; x_wconf 88' lang='lat' dir='ltr'><strong>aptissime</strong></span> <span class='ocrx_word' id='word_1_127' title='bbox 2200 3392 2513 3475; x_wconf 88' lang='lat' dir='ltr'><strong>attingat,</strong></span> <span class='ocrx_word' id='word_1_128' title='bbox 2560 3390 2729 3477; x_wconf 92' lang='lat' dir='ltr'><strong>quod</strong></span> <span class='ocrx_word' id='word_1_129' title='bbox 2760 3390 2879 3454; x_wconf 87' lang='lat' dir='ltr'><strong>sibi</strong></span> <span class='ocrx_word' id='word_1_130' title='bbox 2923 3410 3095 3454; x_wconf 88' lang='lat' dir='ltr'><strong>asse-</strong></span> 
     </span>
     <span class='ocr_line' id='line_1_16' title="bbox 641 3506 3094 3595; baseline -0.001 -23"><span class='ocrx_word' id='word_1_131' title='bbox 641 3508 965 3595; x_wconf 91' lang='lat' dir='ltr'><strong>quendum</strong></span> <span class='ocrx_word' id='word_1_132' title='bbox 1011 3508 1320 3572; x_wconf 88' lang='lat' dir='ltr'><strong>statuerit.</strong></span> <span class='ocrx_word' id='word_1_133' title='bbox 1411 3508 1488 3571; x_wconf 93' lang='lat' dir='ltr'><strong>Id</strong></span> <span class='ocrx_word' id='word_1_134' title='bbox 1532 3513 1748 3573; x_wconf 89' lang='lat' dir='ltr'><strong>tamen</strong></span> <span class='ocrx_word' id='word_1_135' title='bbox 1795 3510 2094 3572; x_wconf 85' lang='lat' dir='ltr'><strong>convenit</strong></span> <span class='ocrx_word' id='word_1_136' title='bbox 2139 3509 2312 3572; x_wconf 92' lang='lat' dir='ltr'><strong>inter</strong></span> <span class='ocrx_word' id='word_1_137' title='bbox 2371 3514 2749 3593; x_wconf 90' lang='lat' dir='ltr'><strong>utrumque,</strong></span> <span class='ocrx_word' id='word_1_138' title='bbox 2797 3506 2964 3594; x_wconf 92' lang='lat' dir='ltr'><strong>quod</strong></span> <span class='ocrx_word' id='word_1_139' title='bbox 3009 3506 3094 3570; x_wconf 94' lang='lat' dir='ltr'><strong>ob</strong></span> 
     </span>
     <span class='ocr_line' id='line_1_17' title="bbox 643 3625 3093 3712; baseline -0.001 -23"><span class='ocrx_word' id='word_1_140' title='bbox 643 3625 898 3710; x_wconf 86' lang='lat' dir='ltr'><strong>singula</strong></span> <span class='ocrx_word' id='word_1_141' title='bbox 963 3631 1168 3689; x_wconf 92' lang='lat' dir='ltr'><strong>totum</strong></span> <span class='ocrx_word' id='word_1_142' title='bbox 1227 3647 1355 3690; x_wconf 92' lang='lat' dir='ltr'><strong>non</strong></span> <span class='ocrx_word' id='word_1_143' title='bbox 1419 3626 1813 3710; x_wconf 84' lang='lat' dir='ltr'><strong>neglegunt,</strong></span> <span class='ocrx_word' id='word_1_144' title='bbox 1890 3626 2002 3690; x_wconf 90' lang='lat' dir='ltr'><strong>sed</strong></span> <span class='ocrx_word' id='word_1_145' title='bbox 2070 3632 2453 3712; x_wconf 90' lang='lat' dir='ltr'><strong>perpetuum</strong></span> <span class='ocrx_word' id='word_1_146' title='bbox 2525 3646 2739 3689; x_wconf 90' lang='lat' dir='ltr'><strong>rerum</strong></span> <span class='ocrx_word' id='word_1_147' title='bbox 2798 3625 2964 3687; x_wconf 89' lang='lat' dir='ltr'><strong>inter</strong></span> <span class='ocrx_word' id='word_1_148' title='bbox 3020 3644 3093 3687; x_wconf 93' lang='lat' dir='ltr'><strong>se</strong></span> 
     </span>
     <span class='ocr_line' id='line_1_18' title="bbox 643 3742 3093 3830; baseline -0.001 -22"><span class='ocrx_word' id='word_1_149' title='bbox 643 3743 972 3808; x_wconf 85' lang='lat' dir='ltr'><strong>vinculum</strong></span> <span class='ocrx_word' id='word_1_150' title='bbox 1038 3748 1255 3807; x_wconf 91' lang='lat' dir='ltr'><strong>mente</strong></span> <span class='ocrx_word' id='word_1_151' title='bbox 1313 3748 1569 3825; x_wconf 89' lang='lat' dir='ltr'><strong>tenent,</strong></span> <span class='ocrx_word' id='word_1_152' title='bbox 1631 3742 1802 3830; x_wconf 90' lang='lat' dir='ltr'><strong>quod</strong></span> <span class='ocrx_word' id='word_1_153' title='bbox 1854 3744 2043 3807; x_wconf 91' lang='lat' dir='ltr'><strong>unius</strong></span> <span class='ocrx_word' id='word_1_154' title='bbox 2087 3742 2281 3807; x_wconf 91' lang='lat' dir='ltr'><strong>horae</strong></span> <span class='ocrx_word' id='word_1_155' title='bbox 2329 3749 2500 3807; x_wconf 88' lang='lat' dir='ltr'><strong>statu</strong></span> <span class='ocrx_word' id='word_1_156' title='bbox 2542 3765 2671 3807; x_wconf 91' lang='lat' dir='ltr'><strong>non</strong></span> <span class='ocrx_word' id='word_1_157' title='bbox 2716 3742 3093 3827; x_wconf 84' lang='lat' dir='ltr'><strong>capiuntur,</strong></span> 
     </span>
     <span class='ocr_line' id='line_1_19' title="bbox 645 3859 3094 3947; baseline -0.001 -23"><span class='ocrx_word' id='word_1_158' title='bbox 645 3859 757 3925; x_wconf 90' lang='lat' dir='ltr'><strong>sed</strong></span> <span class='ocrx_word' id='word_1_159' title='bbox 799 3881 962 3947; x_wconf 92' lang='lat' dir='ltr'><strong>quae</strong></span> <span class='ocrx_word' id='word_1_160' title='bbox 1010 3860 1240 3924; x_wconf 91' lang='lat' dir='ltr'><strong>durant</strong></span> <span class='ocrx_word' id='word_1_161' title='bbox 1287 3866 1351 3924; x_wconf 91' lang='lat' dir='ltr'><strong>et</strong></span> <span class='ocrx_word' id='word_1_162' title='bbox 1396 3859 1648 3923; x_wconf 91' lang='lat' dir='ltr'><strong>stabilia</strong></span> <span class='ocrx_word' id='word_1_163' title='bbox 1693 3865 1841 3922; x_wconf 89' lang='lat' dir='ltr'><strong>sunt</strong></span> <span class='ocrx_word' id='word_1_164' title='bbox 1871 3860 2399 3946; x_wconf 89' lang='lat' dir='ltr'><strong>contemplantur.</strong></span> <span class='ocrx_word' id='word_1_165' title='bbox 2448 3860 2588 3934; x_wconf 83' lang='lat' dir='ltr'><strong>Quo</strong></span> <span class='ocrx_word' id='word_1_166' title='bbox 2619 3859 2856 3923; x_wconf 87' lang='lat' dir='ltr'><strong>factum</strong></span> <span class='ocrx_word' id='word_1_167' title='bbox 2890 3862 3094 3922; x_wconf 89' lang='lat' dir='ltr'><strong>estut</strong></span> 
     </span>
     <span class='ocr_line' id='line_1_20' title="bbox 643 3973 3086 4063; baseline -0.001 -23"><span class='ocrx_word' id='word_1_168' title='bbox 643 3976 921 4062; x_wconf 86' lang='lat' dir='ltr'><strong>antiquis</strong></span> <span class='ocrx_word' id='word_1_169' title='bbox 966 3976 1358 4062; x_wconf 90' lang='lat' dir='ltr'><strong>temporibus</strong></span> <span class='ocrx_word' id='word_1_170' title='bbox 1403 3973 1769 4061; x_wconf 88' lang='lat' dir='ltr'><strong>philosophi</strong></span> <span class='ocrx_word' id='word_1_171' title='bbox 1816 3983 2029 4039; x_wconf 92' lang='lat' dir='ltr'><strong>essent</strong></span> <span class='ocrx_word' id='word_1_172' title='bbox 2072 3982 2300 4063; x_wconf 89' lang='lat' dir='ltr'><strong>poetae</strong></span> <span class='ocrx_word' id='word_1_173' title='bbox 2349 3982 2413 4040; x_wconf 92' lang='lat' dir='ltr'><strong>et</strong></span> <span class='ocrx_word' id='word_1_174' title='bbox 2443 3982 2671 4062; x_wconf 91' lang='lat' dir='ltr'><strong>poetae</strong></span> <span class='ocrx_word' id='word_1_175' title='bbox 2703 3973 3086 4061; x_wconf 90' lang='lat' dir='ltr'><strong>philosophi.</strong></span> 
     </span>
     <span class='ocr_line' id='line_1_21' title="bbox 643 4092 3090 4179; baseline -0.002 -20"><span class='ocrx_word' id='word_1_176' title='bbox 643 4093 897 4159; x_wconf 90' lang='lat' dir='ltr'><strong>Deinde</strong></span> <span class='ocrx_word' id='word_1_177' title='bbox 966 4100 1184 4158; x_wconf 91' lang='lat' dir='ltr'><strong>tamen</strong></span> <span class='ocrx_word' id='word_1_178' title='bbox 1251 4116 1396 4158; x_wconf 90' lang='lat' dir='ltr'><strong>cum</strong></span> <span class='ocrx_word' id='word_1_179' title='bbox 1459 4093 1737 4157; x_wconf 83' lang='lat' dir='ltr'><strong>Socratis</strong></span> <span class='ocrx_word' id='word_1_180' title='bbox 1801 4099 1867 4158; x_wconf 91' lang='lat' dir='ltr'><strong>et</strong></span> <span class='ocrx_word' id='word_1_181' title='bbox 1910 4092 2337 4179; x_wconf 90' lang='lat' dir='ltr'><strong>sophistarum</strong></span> <span class='ocrx_word' id='word_1_182' title='bbox 2384 4092 2714 4157; x_wconf 89' lang='lat' dir='ltr'><strong>dialectica</strong></span> <span class='ocrx_word' id='word_1_183' title='bbox 2757 4114 2859 4156; x_wconf 89' lang='lat' dir='ltr'><strong>ars</strong></span> <span class='ocrx_word' id='word_1_184' title='bbox 2902 4092 3090 4155; x_wconf 91' lang='lat' dir='ltr'><strong>intel-</strong></span> 
     </span>
     <span class='ocr_line' id='line_1_22' title="bbox 638 4210 3085 4296; baseline -0.001 -21"><span class='ocrx_word' id='word_1_185' title='bbox 638 4211 991 4296; x_wconf 86' lang='lat' dir='ltr'><strong>legentiam</strong></span> <span class='ocrx_word' id='word_1_186' title='bbox 1062 4210 1468 4293; x_wconf 85' lang='lat' dir='ltr'><strong>exacuisset,</strong></span> <span class='ocrx_word' id='word_1_187' title='bbox 1529 4232 1675 4275; x_wconf 91' lang='lat' dir='ltr'><strong>cum</strong></span> <span class='ocrx_word' id='word_1_188' title='bbox 1742 4212 1905 4275; x_wconf 91' lang='lat' dir='ltr'><strong>alter</strong></span> <span class='ocrx_word' id='word_1_189' title='bbox 1952 4211 2213 4275; x_wconf 88' lang='lat' dir='ltr'><strong>alterius</strong></span> <span class='ocrx_word' id='word_1_190' title='bbox 2260 4210 2546 4295; x_wconf 87' lang='lat' dir='ltr'><strong>doctrina</strong></span> <span class='ocrx_word' id='word_1_191' title='bbox 2592 4210 2814 4274; x_wconf 90' lang='lat' dir='ltr'><strong>doctus</strong></span> <span class='ocrx_word' id='word_1_192' title='bbox 2861 4230 3085 4296; x_wconf 89' lang='lat' dir='ltr'><strong>quaes-</strong></span> 
     </span>
     <span class='ocr_line' id='line_1_23' title="bbox 643 4326 3089 4415; baseline -0.001 -22"><span class='ocrx_word' id='word_1_193' title='bbox 643 4330 889 4394; x_wconf 92' lang='lat' dir='ltr'><strong>tionum</strong></span> <span class='ocrx_word' id='word_1_194' title='bbox 936 4328 1384 4393; x_wconf 86' lang='lat' dir='ltr'><strong>solvendarum</strong></span> <span class='ocrx_word' id='word_1_195' title='bbox 1433 4329 1680 4415; x_wconf 91' lang='lat' dir='ltr'><strong>copiam</strong></span> <span class='ocrx_word' id='word_1_196' title='bbox 1725 4327 2051 4411; x_wconf 80' lang='lat' dir='ltr'><strong>auxisset,</strong></span> <span class='ocrx_word' id='word_1_197' title='bbox 2100 4326 2503 4414; x_wconf 90' lang='lat' dir='ltr'><strong>philosophia</strong></span> <span class='ocrx_word' id='word_1_198' title='bbox 2547 4333 2612 4391; x_wconf 91' lang='lat' dir='ltr'><strong>et</strong></span> <span class='ocrx_word' id='word_1_199' title='bbox 2657 4327 2867 4412; x_wconf 88' lang='lat' dir='ltr'><strong>poesis</strong></span> <span class='ocrx_word' id='word_1_200' title='bbox 2895 4327 3089 4412; x_wconf 89' lang='lat' dir='ltr'><strong>plane</strong></span> 
     </span>
     <span class='ocr_line' id='line_1_24' title="bbox 642 4444 3089 4532; baseline -0.002 -20"><span class='ocrx_word' id='word_1_201' title='bbox 642 4446 1090 4512; x_wconf 86' lang='lat' dir='ltr'><strong>discesserunt.</strong></span> <span class='ocrx_word' id='word_1_202' title='bbox 1182 4445 1287 4510; x_wconf 85' lang='lat' dir='ltr'><strong>Ex</strong></span> <span class='ocrx_word' id='word_1_203' title='bbox 1344 4446 1757 4532; x_wconf 88' lang='lat' dir='ltr'><strong>inquisitione</strong></span> <span class='ocrx_word' id='word_1_204' title='bbox 1803 4452 2021 4509; x_wconf 90' lang='lat' dir='ltr'><strong>nostra</strong></span> <span class='ocrx_word' id='word_1_205' title='bbox 2064 4444 2184 4509; x_wconf 94' lang='lat' dir='ltr'><strong>hoc</strong></span> <span class='ocrx_word' id='word_1_206' title='bbox 2231 4445 2489 4531; x_wconf 91' lang='lat' dir='ltr'><strong>quidem</strong></span> <span class='ocrx_word' id='word_1_207' title='bbox 2534 4444 2831 4529; x_wconf 90' lang='lat' dir='ltr'><strong>apparuit</strong></span> <span class='ocrx_word' id='word_1_208' title='bbox 2855 4444 3089 4508; x_wconf 90' lang='lat' dir='ltr'><strong>Lucre-</strong></span> 
     </span>
     <span class='ocr_line' id='line_1_25' title="bbox 643 4554 3087 4650; baseline -0.001 -23"><span class='ocrx_word' id='word_1_209' title='bbox 643 4554 805 4628; x_wconf 90' lang='lat' dir='ltr'><strong>tium</strong></span> <span class='ocrx_word' id='word_1_210' title='bbox 873 4564 943 4627; x_wconf 92' lang='lat' dir='ltr'><strong>in</strong></span> <span class='ocrx_word' id='word_1_211' title='bbox 1011 4561 1413 4649; x_wconf 90' lang='lat' dir='ltr'><strong>philosophia</strong></span> <span class='ocrx_word' id='word_1_212' title='bbox 1478 4561 1641 4627; x_wconf 90' lang='lat' dir='ltr'><strong>nihil</strong></span> <span class='ocrx_word' id='word_1_213' title='bbox 1706 4564 2134 4650; x_wconf 86' lang='lat' dir='ltr'><strong>praestitisse,</strong></span> <span class='ocrx_word' id='word_1_214' title='bbox 2210 4584 2335 4649; x_wconf 93' lang='lat' dir='ltr'><strong>quo</strong></span> <span class='ocrx_word' id='word_1_215' title='bbox 2410 4563 2509 4627; x_wconf 92' lang='lat' dir='ltr'><strong>sui</strong></span> <span class='ocrx_word' id='word_1_216' title='bbox 2581 4563 2739 4626; x_wconf 90' lang='lat' dir='ltr'><strong>iuris</strong></span> <span class='ocrx_word' id='word_1_217' title='bbox 2812 4560 3087 4648; x_wconf 81' lang='lat' dir='ltr'><strong>philoso-</strong></span> 
     </span>
     <span class='ocr_line' id='line_1_26' title="bbox 641 4678 3087 4767; baseline -0 -23"><span class='ocrx_word' id='word_1_218' title='bbox 641 4680 808 4767; x_wconf 90' lang='lat' dir='ltr'><strong>phus</strong></span> <span class='ocrx_word' id='word_1_219' title='bbox 878 4679 1002 4744; x_wconf 92' lang='lat' dir='ltr'><strong>dici</strong></span> <span class='ocrx_word' id='word_1_220' title='bbox 1062 4687 1297 4766; x_wconf 90' lang='lat' dir='ltr'><strong>queat,</strong></span> <span class='ocrx_word' id='word_1_221' title='bbox 1363 4682 1469 4745; x_wconf 84' lang='lat' dir='ltr'><strong>vel</strong></span> <span class='ocrx_word' id='word_1_222' title='bbox 1540 4682 1714 4765; x_wconf 84' lang='lat' dir='ltr'><strong>„ipso</strong></span> <span class='ocrx_word' id='word_1_223' title='bbox 1776 4681 2081 4766; x_wconf 89' lang='lat' dir='ltr'><strong>magistro</strong></span> <span class='ocrx_word' id='word_1_224' title='bbox 2143 4680 2490 4766; x_wconf 89' lang='lat' dir='ltr'><strong>discipulus</strong></span> <span class='ocrx_word' id='word_1_225' title='bbox 2545 4679 2746 4744; x_wconf 91' lang='lat' dir='ltr'><strong>maior</strong></span> <span class='ocrx_word' id='word_1_226' title='bbox 2792 4685 2857 4743; x_wconf 91' lang='lat' dir='ltr'><strong>et</strong></span> <span class='ocrx_word' id='word_1_227' title='bbox 2895 4678 3087 4743; x_wconf 90' lang='lat' dir='ltr'><strong>laude</strong></span> 
     </span>
    </p>
   </div>
   <div class='ocr_carea' id='block_1_3' title="bbox 3454 2067 3462 2689">
    <p class='ocr_par' dir='ltr' id='par_1_3' title="bbox 3454 2067 3462 2689">
     <span class='ocr_line' id='line_1_27' title="bbox 3454 2067 3462 2689; baseline 0 0"><span class='ocrx_word' id='word_1_228' title='bbox 3454 2067 3462 2689; x_wconf 95' lang='lat' dir='ltr'><strong> </strong></span> 
     </span>
    </p>
   </div>
  </div>
 </body>
</html>
