3529 5359
1670 319 1757 424 '23

493 567 558 624 et
603 582 821 626 earum
865 568 1095 627 natura
1139 565 1482 649 exponitur
1526 565 1937 646 (503-510).
2028 563 2277 649 Corpus
2325 568 2392 626 et
2435 563 2625 627 inane
2666 562 2938 626 alterum

491 679 764 744 alterum
809 680 1200 744 excludunt:
1249 682 1360 744 ubi
1391 703 1620 766 corpus
1653 686 1771 764 est,
1813 681 2002 744 inane
2034 701 2173 744 esse
2204 702 2331 744 non
2360 685 2573 766 potest
2604 685 2671 743 et
2702 686 2940 744 contra.

493 795 685 860 Unde
729 797 1018 882 sequitur
1061 798 1404 882 particulas
1450 819 1588 862 esse
1633 799 1700 861 in
1743 797 1936 862 rebus
1981 797 2257 882 genitis,
2314 817 2477 883 quae
2522 818 2725 861 vacuo
2770 817 2942 861 care-

492 919 645 995 ant,
715 913 913 998 igitur
982 913 1184 979 solida
1249 916 1379 979 sint
1449 916 1815 996 (511—19).
1905 915 2037 979 Ubi
2102 935 2375 979 vacuum
2446 919 2543 978 est
2615 913 2685 977 in
2750 913 2940 978 rebus

493 1031 748 1114 genitis,
795 1032 1100 1095 materies
1149 1031 1340 1097 debet
1385 1053 1546 1114 esse,
1593 1053 1756 1119 quae
1803 1032 1869 1095 id
1898 1031 2382 1096 circumcludit:
2430 1031 2766 1096 concilium
2809 1051 2941 1096 ma-

491 1149 702 1212 teriae
763 1148 1120 1214 circumdat
1181 1171 1455 1214 vacuum
1501 1149 1692 1235 idque
1741 1148 2037 1214 cohibet:
2108 1154 2355 1214 constat
2397 1149 2596 1233 igitur
2639 1149 2939 1212 materies

495 1263 693 1328 solido
741 1286 1050 1352 corpore,
1121 1268 1441 1331 520—27.
1535 1265 1764 1352 Neque
1812 1285 1998 1329 omne
2044 1272 2141 1330 est
2186 1265 2457 1330 solidum
2500 1285 2709 1351 neque
2753 1286 2939 1330 omne

491 1403 799 1465 vacuum„
845 1383 912 1446 in
958 1383 1148 1448 rebus
1178 1384 1412 1468 genitis
1442 1383 1762 1447 alternant
1792 1383 1958 1447 inter
2004 1404 2071 1447 se
2113 1381 2192 1467 1);
2245 1387 2431 1464 „sunt
2477 1403 2629 1467 ergo
2676 1404 2941 1469 corpora

492 1505 706 1582 certa,
754 1521 916 1586 quae
964 1501 1238 1586 spatium
1284 1501 1474 1586 pleno
1521 1501 1768 1586 possint
1812 1499 2203 1585 distinguere
2248 1499 2505 1564 inane”.

579 1616 775 1703 Apud
831 1617 1178 1703 Epicurum
1238 1617 1397 1682 haec
1443 1622 1822 1701 argumenta
1865 1639 1992 1681 non
2038 1617 2451 1683 inveniuntur
2495 1637 2702 1712 neque
2748 1616 2937 1681 credo

493 1755 641 1798 eum
684 1756 965 1822 unquam
1012 1736 1099 1799 sic
1143 1736 1588 1800 ratiocinatum
1637 1756 1797 1799 esse.
1888 1735 2285 1821 Principium
2332 1736 2553 1818 enim,
2604 1756 2830 1821 corpus
2874 1740 2941 1799 et

491 1852 683 1916 inane
749 1873 818 1916 se
884 1853 1165 1917 vicissim
1223 1853 1566 1918 excludere
1613 1873 1821 1938 neque
1868 1873 2091 1917 verum
2140 1859 2237 1917 est
2280 1874 2487 1940 neque
2534 1853 2612 1917 ad
2658 1859 2941 1917 mentem

491 1969 856 2056 philosophi
923 1969 1196 2053 Graeci,
1265 1970 1372 2056 qui
1441 1991 1712 2034 vacuum
1776 1969 1996 2034 definit
2022 1973 2109 2053 ²),
2179 1975 2505 2056 tamquam
2548 1971 2783 2054 locum,
2825 1970 2938 2034 ubi

494 2094 643 2151 sunt
689 2109 952 2173 corpora
999 2093 1063 2151 et
1107 2107 1224 2172 per
1263 2108 1452 2173 quem
1481 2093 1860 2152 moventur:
1918 2109 2041 2174 quo
2076 2087 2223 2152 dato
2255 2088 2560 2174 sequitur,
2606 2089 2940 2152 materiam

494 2211 562 2269 et
605 2227 877 2271 vacuum
922 2227 1051 2270 non
1097 2205 1612 2291 impenetrabilia
1658 2225 1817 2269 esse.
1908 2206 1986 2270 In
2030 2205 2277 2269 infinito
2322 2225 2565 2288 vacuo,
2613 2205 2781 2293 quod
2825 2227 2941 2270 1111-

495 2323 685 2410 dique
732 2322 812 2389 ab
858 2324 1031 2388 omni
1075 2330 1256 2408 parte
1301 2323 1602 2388 cohaeret
1628 2372 1645 2406 ,
1690 2323 1992 2388 materies
2036 2329 2362 2406 versatur,
2426 2344 2589 2411 quae
2633 2344 2763 2388 11011
2807 2323 2947 2388 ubi-

493 2461 766 2528 cumque
811 2441 1130 2506 cohaeret.

585 2558 678 2623 Ut
739 2580 929 2644 supra
972 2559 1100 2622 iam
1147 2559 1600 2640 indicavimuS,
1661 2558 1799 2644 ipse
1846 2557 2183 2623 Lucretius
2227 2579 2478 2646 quoque
2525 2577 2616 2623 VS.
2666 2561 2787 2623 421
2839 2581 2947 2632 va-

493 2698 687 2741 cuum
731 2698 806 2742 eo
851 2676 1038 2741 modo
1085 2676 1427 2760 describit3
1489 2675 1570 2741 ab
1614 2675 1800 2740 initio
1847 2683 2063 2740 tamen
2108 2698 2236 2741 11011
2282 2676 2476 2759 fecit,
2540 2676 2651 2741 sed
2696 2698 2947 2763 semper

497 2795 779 2881 loquitur
851 2794 931 2859 de
998 2794 1227 2859 atomis
1295 2800 1362 2859 et
1446 2794 1524 2858 de
1585 2793 1983 2877 intervallis,
2069 2794 2301 2880 quibus
2355 2793 2592 2859 distant
2647 2794 2815 2859 inter
2858 2815 2947 2877 se,

495 2933 787 2999 quaeque
855 2912 1046 2977 inane
1114 2918 1301 2977 vocat
1335 2916 1397 2996 ³).
1489 2912 1624 2977 Res
1691 2910 1950 2996 genitae
2009 2911 2182 2998 apud
2224 2933 2372 2976 eum
2415 2933 2545 2976 non
2590 2918 2737 2976 sunt
2782 2933 2949 2977 com-

493 3031 830 3117 plexiones
873 3030 1181 3095 materiae
1227 3030 1296 3094 in
1340 3048 1542 3093 vacuo
1587 3028 1680 3093 ita
1725 3035 2089 3093 exstructae
2115 3078 2133 3113 ,
2200 3034 2273 3093 ut
2318 3050 2445 3093 non
2489 3034 2799 3115 perpetuo
2846 3050 2947 3095 co-

495 3148 848 3232 haereant,
896 3147 1010 3213 sed
1053 3170 1156 3214 res
1202 3154 1349 3212 sunt
1397 3147 1773 3231 compositae
1818 3146 1915 3228 (cf.
1962 3146 2014 3210 I.
2064 3146 2212 3227 569)
2260 3166 2295 3209 0
2340 3146 2609 3209 materia
2639 3153 2704 3210 et
2732 3146 2944 3229 inani,

498 3288 622 3352 quo
666 3266 805 3330 fieri
849 3267 1098 3352 potuit,
1145 3271 1217 3331 ut
1263 3265 1605 3331 affirmaret
1649 3263 1917 3327 alteram
1963 3263 2235 3326 alterum
2282 3262 2624 3327 excludere
2644 3312 2661 3346 ,
2708 3284 2785 3328 ea
2827 3264 2943 3326 im-

496 3383 921 3469 penetrabilia
966 3405 1124 3448 esse.
1201 3384 1368 3459 Quia
1411 3404 1540 3447 non
1583 3381 1748 3446 bene
1796 3380 2148 3465 distinguit,
2194 3401 2321 3444 non
2365 3380 2529 3445 bene
2575 3380 2799 3444 docet:
2849 3386 2946 3445 est

496 3501 728 3566 vitium
771 3500 1056 3565 methodi
1102 3500 1164 3565 in
1213 3500 1404 3565 rebus
1452 3497 1866 3584 explicandis.
1936 3496 2118 3562 Idem
2163 3498 2393 3562 vitium
2438 3518 2629 3562 causa
2675 3504 2790 3580 est,
2835 3519 2947 3562 cur

494 3620 562 3682 in
610 3618 842 3683 circulo
888 3618 1116 3683 vitioso
1161 3624 1464 3682 versetur.
1555 3616 1724 3680 Nam
1743 3664 1760 3697 ,
1806 3620 1879 3677 ut
1924 3635 2115 3700 supra
2162 3613 2755 3697 demonstravimus,
2803 3636 2945 3701 pro-

497 3734 677 3799 bavit
732 3734 1161 3821 principium:
1224 3733 1387 3797 nihil
1434 3754 1469 3797 e
1514 3729 1715 3795 nihilo
1759 3729 1901 3793 fieri
1944 3751 2152 3817 neque
2198 3730 2365 3817 quod
2410 3736 2506 3795 est
2550 3730 2633 3795 ad
2676 3730 2946 3795 nihilum

495 3852 749 3936 redire,
796 3872 881 3915 ex
927 3873 1044 3934 eo,
1092 3850 1259 3937 quod
1303 3848 1650 3937 primordia
1691 3869 1907 3941 rerum
1954 3855 2101 3911 sunt
2146 3854 2423 3913 aeterna.
2512 3847 2699 3913 Nunc
2730 3854 2946 3913 autem

497 3992 534 4035 e
603 3970 916 4035 contrario
987 3970 1141 4033 dicit
1207 3975 1450 4034 atomos
1516 3965 1949 4032 immutabiles
1996 3988 2134 4031 esse
2182 3966 2365 4053 quia,
2436 3966 2558 4030 nisi
2603 3966 2695 4031 ita
2740 3972 2944 4049 esset,

499 4107 687 4151 omne
731 4087 813 4151 ad
857 4086 1018 4151 nihil
1061 4087 1190 4155 iam
1238 4086 1348 4151 diu
1390 4086 1682 4150 redisset.

569 4317 602 4377 ¹)
670 4316 755 4367 Vs.
795 4320 891 4367 624
933 4317 1199 4382 legendum
1238 4322 1344 4367 est:
1396 4315 1534 4367 inani
1573 4324 1655 4379 est,
1713 4320 1803 4368 aut
1852 4334 1965 4368 cum
2022 4315 2187 4366 Munr.
2242 4317 2336 4365 525
2371 4312 2705 4365 distinetumst
2754 4319 2806 4364 ct
2836 4319 2950 4379 post

497 4429 714 4464 vacuum
759 4416 853 4463 626
903 4418 1162 4477 punctum.
1229 4413 1433 4464 Lachm·
1483 4418 1535 4462 et
1582 4412 1727 4463 Bern.
1776 4412 2049 4463 defendunt
2081 4410 2306 4461 codicum
2338 4409 2597 4460 lectionem
2614 4446 2629 4470 ,
2665 4424 2814 4474 quam
2859 4408 2947 4458 vix
3004 4431 3008 4435 ·

497 4508 750 4574 intellego.

567 4602 610 4665 ²)
673 4602 740 4652 D.
775 4602 834 4652 L.
870 4601 936 4651 X.
972 4605 1035 4652 40
1070 4602 1133 4652 cf.
1169 4617 1334 4667 supra.

568 4696 611 4759 ⁸)
679 4695 754 4746 Of.
791 4697 835 4747 Ι.
872 4700 982 4747 330.
