3529 5359
1633 399 1714 462 95

457 599 557 685 pli
631 599 876 684 gratia,
954 605 1101 664 sunt
1168 621 1387 664 eorum
1454 601 1791 665 simulacra
1816 650 1833 683 ‚
1923 621 2226 687 „quorum
2278 605 2479 665 morte
2548 601 2720 665 obita
2786 601 2904 666 tel-

459 716 567 779 lus
624 716 1027 802 amplectitur
1084 717 1307 800 ossa”;
1377 717 1553 779 tertii
1623 716 2087 781 Centaurorum
2153 722 2219 779 et
2281 716 2634 802 Scyllarum
2685 717 2904 803 imagi·

460 853 624 896 nes:
686 831 808 896 hae
872 839 1229 918 postremae
1290 833 1496 898 factae
1557 838 1706 898 sunt
1759 854 1797 898 e
1841 834 2128 919 partibus
2181 835 2460 919 plurium
2510 835 2859 920 imaginum
2881 886 2898 919 ‚

462 971 628 1036 quae
693 957 952 1036 propter
1018 971 1199 1014 suam
1265 951 1644 1014 tenuitatem
1710 950 1896 1015 facile
1949 951 2117 1015 inter
2180 971 2247 1014 se
2312 951 2682 1036 iunguntur.
2776 952 2905 1017 Sed

469 1067 686 1149 „nulla
734 1067 856 1130 fuit
901 1068 1201 1153 quoniam
1245 1068 1392 1131 talis
1435 1074 1664 1132 natura
1707 1068 2037 1132 animalis”
2088 1069 2341 1132 criterio
2371 1069 2553 1132 nobis
2580 1090 2737 1155 opus
2768 1074 2897 1153 est,

461 1189 540 1246 ut
582 1183 650 1246 in
692 1183 771 1245 iis
817 1205 1066 1269 quoque
1111 1184 1450 1249 veritatem
1495 1184 1576 1249 ab
1621 1184 1798 1248 inani
1843 1191 1908 1248 et
1952 1185 2109 1248 falso
2155 1205 2574 1249 secernamus.
2664 1186 2905 1250 Lucre-

463 1300 595 1363 tius
637 1299 756 1364 hoc
802 1301 1130 1365 criterium
1175 1301 1243 1363 in
1288 1301 1576 1365 sensibus
1620 1307 1688 1364 et
1731 1307 1819 1387 τῷ
1870 1301 2310 1384 „meminisse”
2361 1303 2613 1389 (μνήμῃ)
2659 1304 2903 1387 posuit:

473 1415 630 1499 „hoc
680 1417 823 1481 ideo
890 1418 1028 1481 fieri
1073 1418 1246 1501 cogit
1289 1424 1556 1501 natura,
1626 1418 1797 1504 quod
1841 1439 2058 1482 omnes
2105 1419 2380 1504 corporis
2426 1419 2636 1483 offecti
2682 1441 2903 1484 sensus

463 1555 583 1620 per
624 1535 910 1600 membra
955 1536 1287 1621 quiescunt
1331 1557 1449 1600 nec
1493 1541 1758 1620 possunt
1804 1535 2032 1600 falsum
2076 1537 2245 1600 veris
2273 1537 2645 1601 convincere
2676 1537 2906 1620 rebus,

463 1660 800 1739 praeterea
857 1654 1222 1718 meminisse
1296 1654 1461 1718 iacet
1516 1654 1907 1739 languetque
1953 1653 2219 1739 sopore”
2248 1656 2310 1737 ¹).
2402 1653 2638 1718 Sensus
2681 1654 2901 1740 procul

466 1771 659 1835 dubio
726 1770 830 1835 hic
893 1771 1249 1854 significare
1318 1771 1506 1835 debet
1567 1771 1935 1836 facultatem
1998 1771 2313 1834 sentiendi
2358 1777 2422 1834 et
2469 1771 2905 1855 discernendi,

471 1909 624 1972 ergo
684 1888 967 1952 animum
1025 1888 1159 1951 sive
1213 1889 1542 1951 rationem.
1636 1887 1799 1952 Cum
1844 1887 2161 1972 Epicurus
2206 1886 2429 1950 doceat
2480 1889 2623 1969 ᾖἐὰν
2666 1893 2779 1970 μὲν
2820 1891 2904 1970 μὴ

468 2009 932 2091 ἐπιμαρτυρηθῇ
976 2006 1014 2080 ἢ
1061 2007 1590 2092 ἀντιμαρτυρηθῇ,
1637 2008 1709 2070 τὸ
1755 2002 1989 2090 ψεῦδος
2032 2009 2307 2090 γίνεται·
2355 2006 2462 2070 ἐὰν
2494 2003 2545 2070 δ’
2578 2008 2901 2092 ἐπιμαρτυ-

466 2127 636 2208 ρηθῇ
697 2122 733 2198 ἢ
799 2125 882 2205 μὴ
951 2124 1485 2208 ἀντιμαρτυρηθῇ,
1565 2125 1636 2188 τὸ
1699 2122 1975 2202 ἀληθές,
2056 2120 2459 2184 statuendum
2520 2121 2773 2185 Videtur
2837 2122 2907 2185 in

468 2238 780 2302 eiusmodi
827 2239 1173 2303 simulacris
1220 2259 1468 2325 quoque
1501 2241 1824 2324 πρόληψιν
1856 2237 2172 2324 quandam
2201 2238 2383 2334 nobis
2412 2238 2736 2302 criterium
2766 2259 2904 2304 esse

465 2356 756 2420 veritatis
800 2363 910 2420 aut
954 2356 1262 2432 fallaciae.
1354 2356 1516 2420 Cum
1561 2356 2040 2442 praenotionem
2070 2355 2355 2420 centauri
2385 2356 2668 2441 exempli
2700 2357 2907 2440 gratia
3010 2359 3013 2363 ’

467 2474 538 2536 in
582 2473 794 2536 animo
839 2493 966 2536 non
1010 2471 1281 2536 habeam
1308 2521 1324 2554 ,
1371 2471 1674 2535 concludo
1721 2471 1916 2534 etiam
1962 2471 2015 2534 si
2062 2471 2370 2535 eiusmodi
2414 2472 2704 2536 animalis
2748 2473 2904 2536 ima-

468 2591 685 2675 ginem
728 2589 914 2654 video
940 2639 956 2672 ,
1004 2596 1217 2654 tamen
1261 2591 1470 2675 ipsum
1514 2589 1750 2653 animal
1794 2610 1921 2652 non
1968 2596 2237 2653 exstare.
2302 2590 2731 2675 Perspicuitas
2763 2591 2896 2654 sive

468 2711 754 2795 ἐνάργεια
814 2708 988 2772 hisce
1034 2708 1384 2771 simulacris
1430 2707 1625 2771 deest.
1679 2692 1682 2696 ’
1717 2706 1951 2779 Quaeri
1996 2712 2203 2771 tamen
2249 2714 2458 2793 potest
2502 2729 2657 2771 num
2688 2709 2907 2772 crebro

469 2832 534 2889 et
602 2827 873 2912 repetito
941 2826 1083 2889 visu
1149 2825 1434 2889 centauri
1492 2825 1791 2908 imaginis
1814 2874 1830 2907 ,
1900 2825 2035 2888 eius
2103 2825 2393 2889 animalis
2465 2826 2788 2911 πρόληψις
2838 2826 2904 2889 in

468 2944 678 3007 animo
747 2944 896 3007 oriri
963 2964 1092 3007 non
1160 2943 1398 3029 possit,
1468 2942 1690 3006 eodem
1749 2941 1937 3005 modo
1996 2948 2186 3027 atque
2252 2942 2415 3007 aliae
2462 2944 2902 3027 praenotiones

469 3060 781 3123 oriantur.
862 3060 1163 3145 Epicurei
1209 3066 1456 3123 tantum
1501 3059 1888 3145 respondent
1934 3058 2243 3122 eiusmodi
2287 3059 2623 3123 simulacra
2650 3080 2899 3145 semper

469 3174 768 3262 διάληψιν
828 3177 1045 3263 ’έχουσι
1103 3178 1238 3243 καθ’
1285 3176 1364 3253 ἣν
1409 3179 1482 3241 τὸ
1527 3173 1760 3261 ψεῦδος
1807 3180 2039 3261 ’γίνεται
2072 3176 2162 3259 ²):
2232 3196 2383 3239 usus
2428 3176 2599 3241 Vitae
2645 3183 2709 3240 et
2756 3198 2901 3241 con-

469 3294 735 3358 suetudo
782 3315 934 3378 ergo
979 3294 1112 3357 sola
1157 3294 1234 3357 de
1278 3294 1548 3357 veritate
1595 3299 1659 3357 et
1703 3293 1954 3357 fallacia
1998 3293 2342 3357 diiudicare
2388 3300 2651 3379 possunt
2695 3315 2903 3380 neque

469 3430 643 3473 error
671 3409 859 3495 plane
890 3415 1100 3495 potest
1131 3409 1405 3473 excludi.
1495 3407 1806 3472 Omnibus
1838 3408 2110 3494 denique
2140 3410 2466 3494 perpensis
2496 3409 2901 3499 perspicuum

469 3532 566 3589 est
609 3525 920 3611 quomodo
965 3525 1241 3589 dubitari
1270 3526 1586 3611 potuerit,
1632 3547 1788 3591 num
1816 3526 1937 3591 hoc
1968 3532 2263 3612 quartum
2294 3526 2617 3590 criterium
2647 3548 2716 3591 re
2750 3548 2905 3593 vera

469 3662 546 3705 eo
589 3643 842 3707 nomine
887 3642 1338 3728 appellandum
1383 3649 1592 3708 esset:
1661 3644 2185 3729 perspicuitatem
2227 3643 2615 3729 reliquorum
2661 3643 2901 3708 criteri-

470 3779 648 3823 orum
707 3781 833 3823 non
879 3759 1082 3823 solum
1127 3780 1255 3824 non
1298 3758 1522 3843 habet,
1584 3781 1808 3824 verum
1854 3760 2046 3823 etiam
2092 3760 2217 3823 alio
2262 3760 2516 3824 criterio
2562 3781 2719 3845 opus
2764 3780 2903 3825 esse

467 3875 760 3959 videtur,
806 3897 930 3961 quo
974 3877 1313 3941 veritatem
1359 3882 1425 3940 et
1467 3876 1783 3941 fallaciam
1830 3897 2047 3940 earum
2094 3874 2423 3963 ἐπιβολῶν
2470 3882 2901 3962 φανταστικῶν

471 3993 817 4058 diiudicare
861 3994 1192 4079 possimus.
1283 3994 1599 4079 Epicurus
1660 3995 1728 4059 in
1772 3994 2145 4078 fragmentis
2190 3994 2373 4057 nobis
2416 3994 2655 4057 relictis
2696 4015 2904 4079 pauca

472 4110 549 4175 de
608 4112 686 4175 iis
746 4112 952 4195 dixit,
1021 4134 1144 4199 quo
1191 4112 1427 4177 factum
1473 4119 1607 4196 est,
1653 4118 1724 4176 ut
1767 4113 1971 4176 multa
2013 4111 2195 4175 nobis
2242 4112 2368 4175 sint
2413 4111 2713 4195 obscura3
2779 4110 2900 4175 hoc

468 4233 683 4292 tamen
727 4228 878 4293 satis
921 4234 1100 4313 patet
1145 4249 1180 4293 e
1225 4228 1380 4293 locis
1431 4250 1624 4314 supra
1667 4228 1975 4311 laudatis,
2038 4248 2185 4291 eum
2228 4227 2439 4313 ipsum
2483 4233 2557 4292 ut
2600 4232 2899 4314 quartum

537 4625 570 4683 ¹)
634 4624 721 4677 Vs.
758 4625 852 4678 762
884 4639 1016 4689 seqq.

535 4718 576 4785 ²)
643 4720 708 4769 D.
744 4720 803 4770 L.
838 4720 904 4769 X.
940 4723 1018 4769 50.
