3529 5359
1596 422 1674 484 41

421 623 646 688 00(101·0
693 623 1016 709 explicare
1063 624 1403 706 debuerat,
1451 630 1523 686 ut
1567 623 1705 709 ipse
1750 624 2069 710 Epicurus
2114 625 2267 689 fecit
2300 623 2372 709 ³).
2464 625 2609 689 Hoc
2655 631 2871 689 tamen

379 739 965 826 'praetermittenffi
1048 741 1129 806 ad
1197 748 1440 806 atomos
1507 742 1793 806 revertit.
1884 742 2133 806 Natura
2200 743 2362 806 nihil
2435 763 2716 828 unquam
2790 741 2872 806 ad

421 859 788 943 exemplum
848 857 1162 944 quoddam
1231 858 1380 921 facit
1449 864 1512 921 et
1579 857 1742 922 hanc
1805 859 1883 922 ob
1933 880 2069 922 rem
2115 881 2441 945 nunquam
2486 858 2676 944 plane
2724 865 2871 922 sunt

419 975 682 1058 similia,
750 997 913 1061 quae
981 976 1061 1039 ab
1131 996 1208 1040 ea
1268 981 1562 1040 creantur
1595 977 1673 1059 ¹):
1745 997 1875 1040 non
1935 978 2167 1041 mirum
2233 983 2330 1041 est
2376 997 2531 1061 ergo
2579 983 2821 1041 atomos
2852 1026 2869 1058 ,

420 1114 582 1179 quae
663 1093 948 1156 infinitae
1019 1093 1146 1156 sint
1212 1114 1477 1156 numero
1503 1142 1519 1175 ,
1596 1092 1801 1157 forma
1866 1094 2035 1158 inter
2104 1115 2170 1158 se
2243 1094 2495 1158 differre
2526 1095 2599 1177 2).
2691 1094 2871 1157 Inter

420 1211 631 1274 omnia
688 1211 986 1274 animalia
1051 1232 1376 1295 nunquam
1420 1232 1534 1296 par
1579 1211 1913 1293 invenies,
1984 1211 2153 1297 quod
2198 1211 2389 1297 plane
2436 1212 2518 1274 sit
2564 1211 2769 1274 simile
2800 1212 2869 1293 ³).

420 1327 524 1391 Sic
569 1333 830 1392 aeterna
876 1334 971 1391 est
1016 1328 1292 1392 varietas
1339 1328 1406 1390 in
1451 1329 1781 1411 omnibuS,
1846 1350 2008 1415 quae
2054 1335 2285 1393 natura
2332 1328 2606 1410 creavit,
2656 1328 2868 1392 curin

417 1446 643 1509 atomis
687 1467 814 1509 non
861 1447 1073 1510 esset?

502 1563 709 1626 Multa
775 1569 1105 1648 praeterea
1163 1561 1607 1648 phaenomena
1673 1569 1812 1626 tum
1882 1563 2085 1628 solum
2150 1562 2461 1647 explicari
2505 1567 2769 1647 possunt
2816 1561 2868 1624 si

417 1686 658 1743 atomos
717 1680 948 1743 multas
1006 1680 1242 1744 habere
1287 1680 1519 1743 formas
1593 1680 1949 1744 statuimus
2044 1679 2354 1761 Fulmen,
2402 1680 2682 1764 exempli
2728 1699 2868 1762 gra-

415 1796 546 1878 tia,
593 1802 725 1860 tam
772 1798 977 1860 celere
1026 1804 1121 1861 est
1167 1799 1317 1884 quia
1362 1803 1607 1862 constat
1652 1818 1687 1860 e
1734 1797 2085 1860 minoribus
2133 1803 2197 1860 et
2250 1796 2596 1860 levioribus
2641 1796 2869 1860 atomis

419 1999 831 2006 -n——m-——-

413 2120 520 2154 esse
554 2106 617 2154 ad
647 2122 806 2154 unum
843 2111 893 2154 et
924 2104 1055 2155 idem
1088 2121 1295 2168 corpus:
1345 2121 1514 2155 eorum
1563 2105 1719 2169 igitur
1768 2105 1952 2156 refellit
1984 2105 2264 2170 opinionem
2282 2141 2295 2165 ,
2330 2104 2417 2169 qui
2450 2103 2729 2154 absolutum
2764 2120 2868 2153 0000

415 2216 564 2263 supra
597 2205 646 2249 et
678 2201 812 2249 infra
847 2206 1061 2264 negant,
1097 2205 1146 2250 et
1170 2199 1256 2265 qui
1280 2201 1561 2258 ἀντίποδας
1587 2216 1692 2250 0000
1712 2203 1946 2250 credunt:
1983 2200 2110 2250 110110
2134 2201 2195 2250 ob
2218 2216 2416 2250 causam
2440 2201 2501 2248 de
2527 2201 2597 2264 τῷ·
2624 2198 2865 2250 ὑποκάτω

414 2295 520 2346 0010
554 2295 775 2360 loquitur
806 2312 968 2360 neque
1001 2297 1061 2345 de
1096 2299 1168 2361 τῷ
1201 2297 1351 2354 lium)-
1385 2297 1503 2344 ὥστ’
1541 2297 1649 2346 ἔστι
1683 2299 1807 2361 μίαν
1842 2296 2025 2359 λαβεῖν
2059 2299 2223 2362 φορὰν
2246 2297 2342 2356 τὴν
2364 2297 2469 2345 ἄνω
2495 2293 2777 2358 νοουμένην
2799 2295 2867 2352 εἰς

412 2393 654 2454 ἄπειρον.
695 2393 778 2440 καὶ
809 2394 937 2454 μίαν
975 2392 1072 2450 τὴν
1108 2393 1262 2447 κάτω,
1300 2393 1366 2442 ἂν
1403 2394 1483 2441 καὶ
1521 2394 1760 2455 μυριάκις
1794 2392 1877 2440 ἐπὶ
1914 2389 2225 2450 (conveniens
2248 2407 2360 2439 oum
2386 2391 2468 2440 ἐπὶ
2494 2391 2594 2450 τὴν
2619 2389 2863 2454 κεφαλὴν)

415 2488 536 2545 τοὺς
585 2485 749 2544 πόδας
798 2492 900 2535 τῶν
934 2487 1110 2536 ἐπάνω
1148 2491 1207 2538 τὸ
1241 2490 1362 2549 παρ’
1404 2485 1545 2550 ν’»μῶν
1579 2487 1852 2552 φερόμενον
1885 2491 2011 2547 πρὸς
2048 2487 2195 2550 ((111οᾶ
2229 2487 2463 2536 convenit
2495 2501 2609 2534 cum
2643 2488 2779 2534 κάτω
2812 2484 2867 2532 111

413 2584 650 2644 sequente
693 2579 950 2638 sententia)
989 2581 1109 2638 τοὺς
1149 2581 1276 2646 ὑπὲρ
1328 2583 1550 2646 κεφαλῆς
1601 2582 1738 2644 ἡμῶν
1783 2587 1975 2640 τόπους
2008 2583 2283 2644 ἀφικνῆται
2320 2581 2470 2641 ἥὲπὶ
2505 2583 2604 2640 τὴν
2640 2583 2867 2646 κεφαλὴν

415 2681 522 2727 τῶν
557 2673 798 2727 ὑποκάτω
833 2681 890 2728 τὸ
925 2679 1044 2740 παρ’
1075 2676 1216 2741 ἡμῶν
1251 2679 1389 2727 κάτω
1423 2677 1708 2742 φερόμενον.
1778 2675 1837 2726 ‘H
1875 2679 1971 2743 γὰρ
2006 2679 2105 2737 ὅλη
2141 2679 2267 2742 φορὰ
2302 2676 2450 2727 οὐδὲν
2474 2675 2631 2737 ἦττον
2655 2676 2864 2741 ἑκατέρα

413 2771 630 2837 ἑκατέρᾳ
675 2773 990 2833 ἀντικειμένη
1025 2772 1102 2821 ἐπ’
1139 2774 1354 2836 ἄπειρον
1387 2776 1594 2823 νοεῖται.
1660 2773 1705 2822 Ε
1739 2789 1830 2822 0110
1874 2777 2039 2823 mente
2071 2778 2200 2822 recte
2233 2771 2421 2821 iudicat
2453 2771 2715 2835 Epicurus.
2784 2773 2865 2822 Ex

412 2866 550 2916 hisce
604 2866 768 2917 verbis
821 2872 959 2931 patet
975 2903 990 2927 ‚
1041 2868 1173 2931 quod
1205 2866 1355 2917 etiam
1386 2868 1442 2918 in
1474 2868 1622 2918 Lucr.
1659 2869 1686 2919 1
1725 2871 1849 2917 1059
1883 2868 2067 2931 legitur
2080 2905 2094 2928 ,
2129 2883 2243 2917 eum
2276 2866 2533 2931 vulgarem
2566 2868 2865 2921 Graecorum

412 2960 692 3023 opinionem
725 2967 949 3012 secutum
981 2977 1086 3011 esse
1100 2999 1114 3022 ,
1149 2961 1236 3027 qui
1269 2962 1552 3023 ἀντίποδας
1583 2978 1689 3013 0000
1719 2962 1971 3025 negabant
1987 2998 2001 3022 ‚
2037 2961 2130 3011 etsi
2151 2966 2403 3025 praeterea
2429 2963 2489 3011 de
2512 2960 2685 3011 mundi
2707 2962 2864 3012 forma

411 3054 544 3105 nihil
591 3056 782 3105 statuit.
849 3058 979 3114 Τοὺς
1031 3056 1268 3108 ὑποκάτω
1299 3073 1402 3107 11011
1447 3073 1552 3107 0000
1597 3057 1883 3115 ἀντίποδας
1916 3060 2054 3121 patet
2085 3071 2148 3106 ex
2180 3071 2239 3106 00
2271 3057 2403 3121 (111οᾱ
2436 3056 2584 3116 dicit,
2618 3054 2801 3105 lineam
2832 3072 2864 3106 0

413 3150 559 3201 nobis
592 3152 819 3201 deorsum
853 3151 1090 3202 directam
1121 3168 1293 3202 eorum
1326 3152 1490 3216 capita
1524 3153 1646 3217 (non
1676 3154 1843 3216 pedes)
1880 3151 2125 3215 attingere
2157 3156 2209 3201 et
2238 3150 2421 3201 lineam
2453 3166 2484 3200 0
2516 3150 2675 3215 capite
2695 3156 2865 3202 nostro

415 3262 612 3295 sursum
643 3250 921 3310 protentam
953 3248 1016 3296 ad
1050 3254 1150 3298 τῶν
1183 3249 1357 3298 ἐπάνω
1390 3249 1538 3312 pedes
1574 3254 1691 3307 (non
1725 3247 1907 3313 capita)
1943 3247 2217 3311 pervenire.
2286 3246 2430 3295 Unde
2463 3245 2687 3309 sequitur
2706 3245 2865 3296 1111000

417 3357 614 3391 sursum
646 3346 897 3404 protentae
930 3341 1158 3392 omnibus
1191 3342 1480 3392 universum
1514 3342 1846 3393 incolentibus
1879 3343 2263 3406 παραλλήλους
2298 3357 2403 3391 0000
2426 3346 2477 3391 et
2497 3340 2747 3405 oppositas
2769 3340 2832 3391 iis
2848 3377 2863 3401 ,

413 3451 542 3500 (11100
575 3437 637 3485 0(1
668 3438 815 3499 pedes
848 3436 1062 3487 directae
1094 3441 1226 3486 sunt.

483 3532 516 3590 ι)
585 3532 726 3581 Idem
779 3531 1078 3596 principium
1126 3533 1192 3583 D.
1245 3533 1303 3582 L.
1355 3532 1410 3581 X
1461 3535 1537 3586 74.
1591 3532 1717 3583 Cum
1752 3547 1827 3581 vs.
1866 3532 1924 3582 ΙΙ
1960 3534 2053 3585 377
2088 3548 2221 3597 seqq.
2258 3536 2309 3582 et
2342 3536 2437 3581 342
2473 3548 2606 3597 seqq.
2643 3532 2705 3581 cf.
2740 3531 2862 3581 11000

413 3624 596 3675 verba:
653 3626 930 3690 „Predigen
983 3642 1078 3675 uns
1132 3626 1273 3676 nicht
1322 3626 1418 3676 0110
1451 3643 1646 3675 noueren
1665 3627 1725 3689 (Ρ)
1793 3626 2243 3691 Untersuchungen
2257 3665 2269 3688 ‚
2306 3628 2417 3677 dass
2451 3626 2547 3677 alle
2571 3629 2861 3689 physiecken

414 3721 676 3768 Merkmale
728 3736 928 3784 grossen
983 3721 1400 3786 Schwenkungen
1454 3727 1736 3786 ausgesetzt
1804 3721 1917 3771 sind
1930 3758 1943 3782 ,
2000 3724 2113 3772 dass
2167 3722 2447 3786 uberhaupt
2499 3722 2578 3772 die
2632 3723 2861 3773 belebten

417 3814 692 3879 Geschopfe
739 3818 873 3864 nicht
920 3818 1044 3864 nach
1087 3823 1276 3865 scm-ren
1321 3818 1578 3877 Urformen
1611 3819 1714 3865 siclt
1745 3818 2023 3866 entwickeln
2041 3854 2054 3878 ,
2091 3819 2303 3867 sondern
2335 3817 2624 3883 bestiindige
2661 3817 2857 3868 Umbil-

413 3911 615 3975 dungen
646 3911 900 3961 erleiden?
967 3912 1122 3960 00001·
1156 3911 1390 3973 Peschel,
1426 3912 1662 3962 Volkerk.
1699 3916 1758 3962 30
1790 3914 1924 3963 Aufl.
1959 3929 2074 3977 pag.
2110 3916 2190 3962 61.

480 4005 519 4064 2)
584 4006 651 4056 D.
685 4007 741 4056 L.
777 4007 832 4055 X
863 4011 924 4057 42
949 4010 1013 4059 τὰ
1035 4010 1199 4071 ἄτομα
1226 4013 1328 4058 τῶν
1352 4010 1602 4071 σώματων
1625 4036 1688 4044 -
1707 4036 1773 4043 -
1795 4036 1860 4043 -
1887 4036 1943 4045 --
1969 4010 2303 4073 ἀπερίληπτά
2322 4008 2431 4059 ἐστι
2454 4014 2569 4067 ταῖς
2593 4008 2857 4075 διαφοραῖς

417 4106 521 4151 τῶν
554 4102 850 4166 σχημάτων.

479 4196 518 4257 ³)
587 4195 748 4245 Versu
797 4198 890 4244 342
925 4195 1043 4246 Ood.
1079 4195 1218 4246 Leid.
1253 4198 1298 4245 A
1330 4196 1565 4259 praebet:
1613 4204 1860 4258 praeterea
1892 4213 2005 4246 cum
2038 4203 2207 4247 tamen
2238 4214 2292 4246 ea
2324 4214 2355 4246 0
2388 4214 2539 4247 11101111
2572 4197 2858 4249 eorrectrice

413 4290 652 4353 scriptum
685 4306 789 4340 esse
823 4291 1062 4340 videatur.
1101 4291 1362 4354 Perspicue
1397 4290 1599 4341 Lachm.
1627 4292 1844 4341 ostendit
1862 4300 2109 4353 praeterea
2126 4308 2296 4341 00110111
2318 4309 2418 4342 11011
2444 4308 2549 4343 0000
2561 4292 2853 4343 lectionem:

413 4385 644 4449 proponit
677 4392 842 4435 autem
867 4390 1176 4446 parturiunt,
1211 4387 1341 4450 quod
1375 4386 1580 4449 probare
1613 4403 1713 4437 non
1744 4402 1947 4450 possum
1966 4423 1979 4447 ‚
2014 4386 2165 4436 etiam
2188 4387 2305 4452 quia
2326 4389 2386 4437 de
2408 4386 2546 4451 prole
2568 4387 2859 4437 animalium

412 4480 497 4529 hic
545 4496 702 4530 sermo
750 4496 850 4530 non
899 4487 974 4530 est
1020 4483 1105 4530 sed
1154 4497 1300 4530 versu
1351 4484 1444 4530 349
1495 4483 1708 4531 demum.
1779 4480 2021 4531 Munrous
2054 4482 2177 4545 legit
2201 4489 2471 4543 praetereat
2494 4519 2508 4543 ‚
2542 4484 2673 4548 quod
2706 4482 2857 4533 etiam

412 4575 580 4625 minus
622 4576 797 4639 placet.
866 4577 1091 4639 Propono
1145 4578 1350 4625 verbum
1377 4580 1628 4638 perlustra
1661 4577 1887 4641 legamus
1904 4614 1917 4638 ,
1954 4578 2087 4641 quod
2120 4594 2234 4627 cum
2266 4577 2513 4628 sententia
2544 4578 2777 4629 convenit
2809 4583 2860 4629 et

413 4670 583 4720 versui
631 4672 723 4723 347
771 4672 1032 4734 respondet
1048 4708 1061 4731 ‚
1112 4677 1219 4721 tum
1262 4672 1403 4735 lege:
1456 4678 1696 4735 mutasque
1712 4708 1725 4732 ,
1761 4676 1996 4737 ferasque
2018 4708 2032 4733 ‚
2084 4676 2247 4721 variae
2266 4708 2280 4734 ,
2329 4674 2497 4721 horum
2544 4678 2861 4740 (quamquam

415 4781 615 4827 quornm
647 4765 796 4814 etiam
830 4766 1016 4815 servari
1046 4771 1240 4829 potest).
