3529 5359
1573 341 1653 402 87

427 540 598 625 Ergo
665 561 809 605 cum
853 563 1082 627 aquam
1129 541 1432 625 effundo,
1479 542 1616 606 eius
1661 542 2027 627 superficies
2072 563 2148 609 ea
2197 542 2380 607 reicit
2428 542 2753 607 stellarum
2798 543 2873 607 si-

425 657 707 722 mulacra
731 708 747 741 ,
794 679 956 744 quae
1002 659 1130 722 iam
1174 678 1372 744 prope
1419 665 1654 724 terram
1699 665 1847 724 sunt
1888 660 2022 754 lata
2064 681 2272 746 neque
2318 665 2533 724 tamen
2560 659 2868 743 visibilia,

425 775 548 838 nisi
627 777 1062 861 „speculorum
1129 797 1211 840 ex
1276 797 1547 862 aequore
1592 777 1981 841 reiciuntur”
2007 754 2032 838 :-
2081 797 2280 862 aeque
2349 797 2423 840 ac
2465 775 2713 861 physici
2756 797 2871 840 nos

428 892 656 957 docent
698 915 826 957 non
873 894 1080 958 sidera
1126 916 1241 958 nos
1285 892 1502 958 videre
1547 895 1762 980 qualia
1805 915 1973 957 nunc
2019 900 2207 976 sunt,
2276 893 2387 958 sed
2433 894 2646 979 qualia
2690 900 2871 958 erant

427 1029 571 1073 011111
615 1008 823 1074 radios
869 1010 1276 1092 emitterent,
1324 1011 1431 1094 qui
1477 1009 1558 1074 ad
1605 1010 1821 1074 oculos
1865 1015 2114 1073 nostros
2159 1015 2611 1095 pervenerunt.

511 1125 749 1190 Multas
813 1126 1109 1211 praebuit
1175 1125 1334 1190 haec
1379 1126 1642 1211 Epicuri
1689 1126 1767 1189 de
1813 1125 2163 1190 simulacris
2210 1125 2495 1190 doctrina
2542 1124 2871 1189 difficulta-

426 1248 526 1306 tes
591 1243 866 1328 antiquis
927 1249 992 1306 et
1031 1243 1215 1306 nobis
1259 1243 1523 1328 praebet
1555 1292 1571 1325 ,
1637 1264 1793 1329 quas
1838 1263 1919 1306 ne
1967 1242 2311 1306 Lucretius
2357 1242 2614 1328 quidem
2660 1247 2869 1306 sustu-

427 1358 520 1422 lit.
611 1357 825 1421 Unam
884 1364 1134 1422 tantum
1197 1358 1566 1423 afferamus:
1636 1356 1949 1445 quomodo
2018 1364 2283 1445 possunt
2353 1379 2729 1442 magnarum
2774 1378 2870 1421 re—

429 1495 570 1538 rum
632 1475 944 1559 imagines
1005 1476 1073 1538 in
1139 1477 1353 1540 oculos
1430 1482 1677 1539 nostros
1745 1477 1881 1560 (per
1942 1476 2136 1558 acies)
2199 1476 2439 1539 intrare
2463 1477 2494 1539 1²
2582 1475 2872 1561 Uterque

429 1593 598 1656 enim
628 1641 644 1674 ,
711 1592 1048 1656 Lucretius
1107 1597 1171 1655 et
1232 1591 1589 1677 EpicuruS,
1663 1591 1847 1656 docet
1920 1592 2233 1676 imagines
2301 1592 2557 1656 dissolvi
2625 1614 2664 1655 a
2738 1613 2871 1656 cor-

428 1729 652 1794 porum
742 1709 1071 1794 superficie
1137 1709 1229 1773 ita
1295 1716 1368 1772 ut
1435 1716 1789 1774 atomorum
1860 1709 2144 1773 ordinem
2205 1715 2270 1773 et
2328 1710 2678 1795 posituram
2744 1731 2871 1774 ser-

429 1832 581 1891 vent
613 1827 696 1910 ¹),
769 1832 834 1890 et
889 1826 1121 1891 formas
1167 1827 1404 1891 similes
1448 1826 1727 1891 habeant
1774 1849 2109 1913 corporum
2152 1827 2371 1892 formis
2399 1825 2495 1912 ²);
2566 1849 2717 1912 ergo
2762 1848 2872 1891 ne-

431 1965 604 2008 cesse
663 1949 760 2007 est
806 1943 1074 2008 eandem
1117 1943 1394 2010 habeant
1437 1944 1944 2028 magnitudinem
1991 1944 2329 2009 simulacra
2374 1951 2566 2031 atque
2612 1966 2875 2030 corpora

430 2061 599 2126 unde
668 2061 1146 2147 proficiscantur
1169 2061 1238 2140 ³).
1329 2063 1645 2148 Epicurus
1708 2083 1859 2126 sane
1908 2062 2099 2127 dicit:
2170 2062 2323 2128 κατα
2374 2064 2447 2128 τὸ
2493 2064 2873 2149 ἐναρμόττον
2974 2132 2981 2139 ‚

426 2183 706 2266 μέγεθος
753 2183 841 2255 εἷς
885 2181 1001 2257 τὴν
1047 2182 1196 2264 ὄψιν
1229 2179 1266 2255 ἢ
1296 2183 1410 2256 τὴν
1443 2178 1724 2246 διάνοιαν
1756 2181 1959 2256 ὠκέως
1991 2189 2129 2255 ταῖς
2160 2189 2387 2266 φοραῖς
2419 2184 2760 2266 χρωμένων
2782 2178 2871 2263 4),

431 2296 543 2360 sed
611 2302 866 2382 praeter
933 2296 1384 2360 obscuritatem
1450 2296 1517 2359 in
1577 2296 1789 2359 verbis
1835 2295 1986 2362 κατὰ
2028 2299 2101 2362 τὸ
2148 2299 2529 2382 ἐναρμόττον
2573 2301 2873 2383 μέγεθος,

431 2417 542 2502 qui
611 2415 866 2480 tandem
929 2414 1006 2478 de
1051 2414 1487 2498 magnitudine
1533 2435 1745 2477 rerum
1791 2413 2071 2477 iudicare
2117 2433 2451 2499 possumus
2476 2463 2492 2496 ,
2553 2414 2674 2478 nisi
2715 2414 2872 2478 ima-

431 2532 613 2616 gines
680 2531 945 2596 eandem
1012 2529 1290 2594 habeant
1357 2529 1866 2614 magnitudinem
1920 2535 2111 2614 atque
2166 2550 2430 2613 corpora
2472 2529 2643 2593 unde
2687 2530 2871 2614 profi-

431 2650 794 2715 ciscantur?
881 2649 1029 2734 Ipse
1096 2653 1281 2734 putat
1349 2647 1496 2712 solis
1555 2647 1901 2731 imaginem
1946 2646 2129 2712 nobis
2184 2647 2322 2711 eius
2366 2648 2871 2732 magnitudinem

435 2767 767 2832 ostendere
789 2764 855 2850 ⁵).
905 2804 986 2811 —
1030 2766 1378 2830 Praeterea
1422 2766 1642 2852 quaeri
1685 2771 1899 2852 potest
1943 2786 2055 2829 cur
2118 2766 2187 2827 in
2233 2765 2517 2829 tenebris
2563 2786 2669 2829 eas
2713 2766 2871 2830 ima-

430 2886 612 2971 gines
654 2906 783 2949 non
827 2884 1254 2972 percipiamus
1277 2886 1308 2947 fr>
1369 2884 1495 2949 Sed
1527 2885 1680 2950 satis
1707 2885 1837 2948 iam
1868 2883 2027 2947 haec
2058 2889 2206 2947 sunt
2236 2889 2308 2947 ut
2338 2872 2629 2949 Ciceroni
2660 2905 2871 2948 assen-

430 3004 662 3069 tiamur
728 3002 1002 3066 dicenti:
1077 3001 1384 3088 „puderet
1449 3021 1551 3064 me
1621 3000 1831 3065 dicere
1898 3021 2025 3064 non
2068 3000 2448 3084 intellegere
2496 3000 2557 3096 si
2594 3022 2707 3065 vos
2749 3002 2873 3087 ipsi

429 3120 925 3204 intellegeretis,
993 3119 1101 3205 qui
1144 3118 1267 3182 ista
1312 3117 1689 3181 defenditis”
1717 3120 1783 3200 ὓ).

516 3238 602 3301 Et
646 3244 861 3301 tamen
906 3236 1198 3301 omnibus
1241 3236 1569 3323 perpensis
1613 3235 1825 3299 facere
1868 3257 1996 3300 non
2039 3256 2409 3321 possumus,
2455 3237 2609 3323 quin
2653 3236 2733 3300 iis
2762 3236 2873 3301 ho-

437 3354 640 3419 dierni
685 3354 990 3441 temporis
1033 3353 1428 3439 philosophis
1473 3354 1931 3436 assentiamur,
1977 3353 2087 3439 qui
2134 3375 2412 3417 summas
2456 3353 2676 3417 laudes
2720 3354 2873 3441 Epi-

431 3473 638 3537 cureis
713 3472 1004 3535 tribuunt
1047 3442 1135 3535 ¹et
1203 3471 1281 3535 ob
1352 3471 1654 3535 scientiae
1719 3471 2033 3535 rationem
2095 3477 2160 3535 et
2202 3472 2374 3536 viam
2394 3522 2410 3554 ,
2469 3494 2625 3559 quas
2670 3472 2872 3536 secuti

431 3594 580 3653 sunt
598 3638 614 3671 ,
675 3610 820 3652 cum
875 3608 1100 3651 verum
1149 3588 1532 3673 principium
1590 3588 1708 3651 toti
1768 3586 2207 3673 philosophiae
2276 3592 2601 3674 tamquam
2652 3586 2874 3651 funda-

432 3712 721 3770 mentum
786 3704 1202 3787 subiecerint,
1259 3742 1341 3750 --
1389 3710 1455 3768 et
1499 3704 1578 3769 ob
1631 3705 2043 3789 sagacitatem
2076 3711 2140 3769 et
2188 3704 2565 3768 industriam
2583 3754 2599 3787 ,
2646 3704 2874 3790 quibus

498 3910 532 3967 ¹)
601 3910 663 3959 D.
689 3910 746 3959 L.
783 3908 850 3958 X.
886 3913 947 3958 46
968 3946 982 3971 ,
1017 3912 1078 3959 48
1097 3947 1110 3970 ‚
1146 3910 1380 3967 σώζουσα
1417 3911 1513 3970 τὴν
1547 3908 1632 3959 ἐπὶ
1656 3912 1745 3961 τοῦ
1772 3911 2059 3973 στερεμνίου
2081 3910 2226 3958 θὲσιν
2250 3908 2336 3957 καὶ
2362 3908 2510 3964 τάξιν
2533 3911 2636 3956 τῶν
2657 3906 2871 3970 ἀτόμων.

495 4004 532 4063 ²)
601 4004 692 4055 IV.
727 4007 806 4054 45.
839 4004 906 4053 D.
942 4005 1000 4053 L.
1037 4004 1102 4053 X.
1138 4007 1199 4052 49
1227 4042 1239 4055 .
1267 4042 1278 4054 .
1314 3992 1574 4068 ὁμοχρόων
1609 4022 1662 4054 τε
1696 4005 1781 4054 καὶ
1815 4005 2173 4067 ὁμοιομόρφων.

495 4098 535 4159 ³)
605 4097 696 4149 IV.
733 4101 794 4147 44
827 4096 1138 4147 membranae
1171 4096 1253 4148 vel
1285 4103 1468 4147 cortex.

495 4192 534 4253 4)
603 4192 667 4241 D.
702 4192 761 4243 L.
797 4191 864 4241 X.
899 4194 978 4243 49.

493 4286 535 4351 ⁵)
606 4285 672 4335 D.
707 4278 766 4335 L.
802 4285 870 4334 X.
907 4288 965 4335 91
987 4322 1001 4346 ,
1051 4290 1110 4339 τὸ
1160 4286 1208 4337 δὲ
1242 4285 1451 4352 μέγεθος
1485 4289 1575 4335 τοῦ
1610 4285 1757 4346 ἡλίου
1782 4323 1793 4336 .
1832 4320 1843 4333 .
1879 4286 2183 4345 τηλικοῦτόν
2222 4286 2361 4335 ἐστιν
2395 4283 2578 4345 ἡλίκον
2610 4270 2869 4349 φαίνεταιε

426 4383 472 4431 εί
515 4384 642 4449 γὰρ,
692 4379 846 4443 φησί,
901 4386 958 4433 τὸ
1008 4382 1216 4446 μέγεθος
1265 4380 1345 4430 διὰ
1392 4382 1451 4429 τὸ
1501 4379 1756 4445 διάστημα
1789 4379 2171 4444 ἀπεβεβλήκει,
2224 4382 2408 4445 πολλῷ
2440 4380 2507 4430 ἄν
2539 4381 2742 4443 μᾶλλον
2777 4382 2876 4441 τὴν

433 4483 616 4544 χρόαν.

495 4572 539 4631 ⁶)
609 4570 710 4621 Cic.
744 4572 804 4621 de
837 4570 956 4620 Nat.
992 4571 1118 4620 deor.
1155 4570 1214 4619 I:
1260 4572 1338 4632 39,
1379 4572 1483 4620 109.
1520 4569 1734 4634 (Multae
1767 4584 1963 4629 θαι-11111,
1998 4584 2121 4633 quas
2155 4568 2325 4619 Cicero
2355 4567 2438 4617 hic
2468 4566 2686 4631 Epicuro
2719 4566 2871 4617 obicit

435 4666 784 4716 difficultatum
803 4703 816 4727 ,
851 4681 908 4715 eo
942 4664 1168 4715 oriuntur
1185 4701 1199 4726 ,
1240 4666 1371 4729 quod
1403 4664 1507 4728 ipse
1541 4664 1783 4714 Graecum
1815 4663 2161 4728 philosophum
2193 4680 2293 4713 non
2323 4662 2573 4727 perlegit.)
