<?xml version="1.0" encoding="UTF-8"?>
<!DOCTYPE html PUBLIC "-//W3C//DTD XHTML 1.0 Transitional//EN"
    "http://www.w3.org/TR/xhtml1/DTD/xhtml1-transitional.dtd">
<html xmlns="http://www.w3.org/1999/xhtml" xml:lang="en" lang="en">
 <head>
  <title>
</title>
<meta http-equiv="Content-Type" content="text/html;charset=utf-8" />
  <meta name='ocr-system' content='tesseract 3.04.00' />
  <meta name='ocr-capabilities' content='ocr_page ocr_carea ocr_par ocr_line ocrx_word'/>
</head>
<body>
  <div class='ocr_page' id='page_1' title='image "./lucretiiphiloso01woltgoog_0134.png"; bbox 0 0 3529 5359; ppageno 0'>
   <div class='ocr_carea' id='block_1_1' title="bbox 1824 389 1947 453">
    <p class='ocr_par' dir='ltr' id='par_1_1' title="bbox 1824 389 1947 453">
     <span class='ocr_line' id='line_1_1' title="bbox 1824 389 1947 453; baseline -0.008 0"><span class='ocrx_word' id='word_1_1' title='bbox 1824 389 1947 453; x_wconf 84' lang='lat'>122</span> 
     </span>
    </p>
   </div>
   <div class='ocr_carea' id='block_1_2' title="bbox 660 588 3115 3729">
    <p class='ocr_par' dir='ltr' id='par_1_2' title="bbox 660 588 3115 3729">
     <span class='ocr_line' id='line_1_2' title="bbox 660 588 3108 678; baseline 0.003 -25"><span class='ocrx_word' id='word_1_2' title='bbox 660 588 998 653; x_wconf 88' lang='lat' dir='ltr'>Lucretius</span> <span class='ocrx_word' id='word_1_3' title='bbox 1067 596 1396 676; x_wconf 83' lang='lat' dir='ltr'>oppugnat</span> <span class='ocrx_word' id='word_1_4' title='bbox 1465 590 1710 654; x_wconf 87' lang='lat' dir='ltr'>Stoicos</span> <span class='ocrx_word' id='word_1_5' title='bbox 1778 591 1889 678; x_wconf 88' lang='lat' dir='ltr'>qui</span> <span class='ocrx_word' id='word_1_6' title='bbox 1956 591 2268 656; x_wconf 83' lang='lat' dir='ltr'>docebant</span> <span class='ocrx_word' id='word_1_7' title='bbox 2341 593 2448 674; x_wconf 87' lang='lat' dir='ltr'>„in</span> <span class='ocrx_word' id='word_1_8' title='bbox 2504 593 2786 658; x_wconf 90' lang='lat' dir='ltr'>medium</span> <span class='ocrx_word' id='word_1_9' title='bbox 2831 616 3108 661; x_wconf 82' lang='lat' dir='ltr'>summae</span> 
     </span>
     <span class='ocr_line' id='line_1_3' title="bbox 663 707 3108 794; baseline 0.004 -25"><span class='ocrx_word' id='word_1_10' title='bbox 663 707 876 770; x_wconf 87' lang='lat' dir='ltr'>omnia</span> <span class='ocrx_word' id='word_1_11' title='bbox 939 708 1092 790; x_wconf 85' lang='lat' dir='ltr'>niti,</span> <span class='ocrx_word' id='word_1_12' title='bbox 1161 713 1354 794; x_wconf 89' lang='lat' dir='ltr'>atque</span> <span class='ocrx_word' id='word_1_13' title='bbox 1421 707 1567 772; x_wconf 92' lang='lat' dir='ltr'>ideo</span> <span class='ocrx_word' id='word_1_14' title='bbox 1634 708 1857 772; x_wconf 90' lang='lat' dir='ltr'>mundi</span> <span class='ocrx_word' id='word_1_15' title='bbox 1923 715 2217 774; x_wconf 88' lang='lat' dir='ltr'>naturam</span> <span class='ocrx_word' id='word_1_16' title='bbox 2279 717 2445 774; x_wconf 86' lang='lat' dir='ltr'>stare</span> <span class='ocrx_word' id='word_1_17' title='bbox 2502 713 2638 775; x_wconf 88' lang='lat' dir='ltr'>sine</span> <span class='ocrx_word' id='word_1_18' title='bbox 2682 713 2831 777; x_wconf 89' lang='lat' dir='ltr'>ullis</span> <span class='ocrx_word' id='word_1_19' title='bbox 2874 714 3108 779; x_wconf 88' lang='lat' dir='ltr'>ictibus</span> 
     </span>
     <span class='ocr_line' id='line_1_4' title="bbox 663 823 3109 916; baseline 0.004 -32"><span class='ocrx_word' id='word_1_20' title='bbox 663 823 945 886; x_wconf 86' lang='lat' dir='ltr'>externis</span> <span class='ocrx_word' id='word_1_21' title='bbox 1012 844 1218 909; x_wconf 92' lang='lat' dir='ltr'>neque</span> <span class='ocrx_word' id='word_1_22' title='bbox 1279 845 1596 911; x_wconf 87' lang='lat' dir='ltr'>quoquam</span> <span class='ocrx_word' id='word_1_23' title='bbox 1663 846 1848 910; x_wconf 91' lang='lat' dir='ltr'>posse</span> <span class='ocrx_word' id='word_1_24' title='bbox 1907 825 2140 889; x_wconf 86' lang='lat' dir='ltr'>resolvi</span> <span class='ocrx_word' id='word_1_25' title='bbox 2202 846 2449 890; x_wconf 89' lang='lat' dir='ltr'>summa</span> <span class='ocrx_word' id='word_1_26' title='bbox 2492 833 2684 914; x_wconf 88' lang='lat' dir='ltr'>atque</span> <span class='ocrx_word' id='word_1_27' title='bbox 2730 829 2893 913; x_wconf 88' lang='lat' dir='ltr'>ima,</span> <span class='ocrx_word' id='word_1_28' title='bbox 2941 831 3109 916; x_wconf 90' lang='lat' dir='ltr'>quod</span> 
     </span>
     <span class='ocr_line' id='line_1_5' title="bbox 661 939 3108 1012; baseline 0.004 -10"><span class='ocrx_word' id='word_1_29' title='bbox 661 939 730 1002; x_wconf 90' lang='lat' dir='ltr'>in</span> <span class='ocrx_word' id='word_1_30' title='bbox 773 940 1054 1005; x_wconf 88' lang='lat' dir='ltr'>medium</span> <span class='ocrx_word' id='word_1_31' title='bbox 1101 943 1226 1006; x_wconf 88' lang='lat' dir='ltr'>sint</span> <span class='ocrx_word' id='word_1_32' title='bbox 1271 943 1482 1008; x_wconf 87' lang='lat' dir='ltr'>omnia</span> <span class='ocrx_word' id='word_1_33' title='bbox 1526 943 1721 1006; x_wconf 86' lang='lat' dir='ltr'>nixa’&#39;</span> <span class='ocrx_word' id='word_1_34' title='bbox 1752 943 1784 1006; x_wconf 91' lang='lat'>¹.</span> <span class='ocrx_word' id='word_1_35' title='bbox 1835 943 1997 1008; x_wconf 82' lang='lat' dir='ltr'>Cum</span> <span class='ocrx_word' id='word_1_36' title='bbox 2042 949 2259 1007; x_wconf 86' lang='lat' dir='ltr'>autem</span> <span class='ocrx_word' id='word_1_37' title='bbox 2306 945 2566 1008; x_wconf 90' lang='lat' dir='ltr'>unicum</span> <span class='ocrx_word' id='word_1_38' title='bbox 2613 967 2751 1010; x_wconf 91' lang='lat' dir='ltr'>esse</span> <span class='ocrx_word' id='word_1_39' title='bbox 2801 947 3108 1012; x_wconf 86' lang='lat' dir='ltr'>mundum</span> 
     </span>
     <span class='ocr_line' id='line_1_6' title="bbox 665 1057 3109 1148; baseline 0.004 -28"><span class='ocrx_word' id='word_1_40' title='bbox 665 1057 733 1120; x_wconf 90' lang='lat' dir='ltr'>hi</span> <span class='ocrx_word' id='word_1_41' title='bbox 776 1064 1078 1144; x_wconf 85' lang='lat' dir='ltr'>putarent</span> <span class='ocrx_word' id='word_1_42' title='bbox 1143 1067 1334 1146; x_wconf 89' lang='lat' dir='ltr'>atque</span> <span class='ocrx_word' id='word_1_43' title='bbox 1379 1060 1634 1141; x_wconf 77' lang='lat' dir='ltr'>finitum</span> <span class='ocrx_word' id='word_1_44' title='bbox 1657 1061 1708 1142; x_wconf 84' lang='grc'>2)</span> <span class='ocrx_word' id='word_1_45' title='bbox 1735 1108 1752 1142; x_wconf 93' lang='grc'><strong>,</strong></span> <span class='ocrx_word' id='word_1_46' title='bbox 1798 1080 1921 1124; x_wconf 91' lang='grc'><strong>11011</strong></span> <span class='ocrx_word' id='word_1_47' title='bbox 1972 1065 2119 1146; x_wconf 85' lang='lat' dir='ltr'><strong>apte</strong></span> <span class='ocrx_word' id='word_1_48' title='bbox 2166 1060 2503 1126; x_wconf 88' lang='lat' dir='ltr'>Lucretius</span> <span class='ocrx_word' id='word_1_49' title='bbox 2548 1063 2627 1126; x_wconf 89' lang='lat' dir='ltr'>iis</span> <span class='ocrx_word' id='word_1_50' title='bbox 2671 1064 2973 1148; x_wconf 76' lang='lat' dir='ltr'>obiecisse</span> <span class='ocrx_word' id='word_1_51' title='bbox 3016 1066 3109 1130; x_wconf 85' lang='lat' dir='ltr'>vi-</span> 
     </span>
     <span class='ocr_line' id='line_1_7' title="bbox 667 1174 3110 1262; baseline 0.004 -25"><span class='ocrx_word' id='word_1_52' title='bbox 667 1174 852 1238; x_wconf 85' lang='lat' dir='ltr'>detur</span> <span class='ocrx_word' id='word_1_53' title='bbox 911 1179 1023 1257; x_wconf 87' lang='lat' dir='ltr'>(vs.</span> <span class='ocrx_word' id='word_1_54' title='bbox 1100 1180 1306 1260; x_wconf 83' lang='lat'>1070,</span> <span class='ocrx_word' id='word_1_55' title='bbox 1379 1179 1485 1260; x_wconf 93' lang='grc'>71)</span> <span class='ocrx_word' id='word_1_56' title='bbox 1555 1197 1684 1241; x_wconf 87' lang='grc'><strong>11011</strong></span> <span class='ocrx_word' id='word_1_57' title='bbox 1727 1197 1914 1262; x_wconf 91' lang='lat' dir='ltr'>posse</span> <span class='ocrx_word' id='word_1_58' title='bbox 1959 1177 2241 1242; x_wconf 89' lang='lat' dir='ltr'>medium</span> <span class='ocrx_word' id='word_1_59' title='bbox 2286 1199 2425 1242; x_wconf 89' lang='grc'><strong>0330</strong></span> <span class='ocrx_word' id='word_1_60' title='bbox 2470 1179 2538 1243; x_wconf 91' lang='grc'>111</span> <span class='ocrx_word' id='word_1_61' title='bbox 2583 1179 2856 1261; x_wconf 77' lang='lat' dir='ltr'>infinito.</span> <span class='ocrx_word' id='word_1_62' title='bbox 2948 1183 3110 1248; x_wconf 82' lang='lat' dir='ltr'>Cum</span> 
     </span>
     <span class='ocr_line' id='line_1_8' title="bbox 664 1273 3111 1385; baseline 0.003 -30"><span class='ocrx_word' id='word_1_63' title='bbox 664 1293 802 1378; x_wconf 92' lang='lat' dir='ltr'>ipse</span> <span class='ocrx_word' id='word_1_64' title='bbox 875 1295 1171 1381; x_wconf 78' lang='lat' dir='ltr'><strong>opinetur</strong></span> <span class='ocrx_word' id='word_1_65' title='bbox 1243 1294 1557 1359; x_wconf 88' lang='lat' dir='ltr'>infinitam</span> <span class='ocrx_word' id='word_1_66' title='bbox 1631 1314 1769 1358; x_wconf 91' lang='lat' dir='ltr'>esse</span> <span class='ocrx_word' id='word_1_67' title='bbox 1842 1273 2177 1358; x_wconf 74' lang='lat' dir='ltr'>materiem</span> <span class='ocrx_word' id='word_1_68' title='bbox 2202 1345 2219 1378; x_wconf 84' lang='lat'>,</span> <span class='ocrx_word' id='word_1_69' title='bbox 2294 1297 2710 1361; x_wconf 82' lang='lat' dir='ltr'>ratiocinatur</span> <span class='ocrx_word' id='word_1_70' title='bbox 2786 1305 3111 1385; x_wconf 80' lang='lat' dir='ltr'>tamquam</span> 
     </span>
     <span class='ocr_line' id='line_1_9' title="bbox 666 1410 3111 1498; baseline 0.002 -23"><span class='ocrx_word' id='word_1_71' title='bbox 666 1410 897 1475; x_wconf 83' lang='lat' dir='ltr'>Stoicis</span> <span class='ocrx_word' id='word_1_72' title='bbox 955 1412 1125 1476; x_wconf 91' lang='lat' dir='ltr'>idem</span> <span class='ocrx_word' id='word_1_73' title='bbox 1185 1413 1563 1497; x_wconf 87' lang='lat' dir='ltr'>placuisset,</span> <span class='ocrx_word' id='word_1_74' title='bbox 1625 1418 1935 1498; x_wconf 83' lang='lat' dir='ltr'>putatque</span> <span class='ocrx_word' id='word_1_75' title='bbox 1980 1412 2234 1476; x_wconf 89' lang='lat' dir='ltr'>illorum</span> <span class='ocrx_word' id='word_1_76' title='bbox 2280 1417 2520 1496; x_wconf 82' lang='grc' dir='ltr'>κόσμον</span> <span class='ocrx_word' id='word_1_77' title='bbox 2564 1416 2931 1480; x_wconf 89' lang='lat' dir='ltr'>universum</span> <span class='ocrx_word' id='word_1_78' title='bbox 2977 1418 3111 1482; x_wconf 88' lang='lat' dir='ltr'>sive</span> 
     </span>
     <span class='ocr_line' id='line_1_10' title="bbox 666 1527 3109 1618; baseline 0.002 -27"><span class='ocrx_word' id='word_1_79' title='bbox 666 1549 978 1592; x_wconf 88' lang='lat' dir='ltr'>summam</span> <span class='ocrx_word' id='word_1_80' title='bbox 1002 1578 1018 1610; x_wconf 84' lang='lat'>‚</span> <span class='ocrx_word' id='word_1_81' title='bbox 1066 1527 1233 1614; x_wconf 89' lang='lat' dir='ltr'>quod</span> <span class='ocrx_word' id='word_1_82' title='bbox 1278 1535 1466 1594; x_wconf 86' lang='lat' dir='ltr'>vocat</span> <span class='ocrx_word' id='word_1_83' title='bbox 1491 1577 1508 1611; x_wconf 87' lang='lat'>‚</span> <span class='ocrx_word' id='word_1_84' title='bbox 1557 1548 1716 1592; x_wconf 87' lang='lat' dir='ltr'>esse.</span> <span class='ocrx_word' id='word_1_85' title='bbox 1764 1527 1884 1591; x_wconf 89' lang='lat' dir='ltr'>Est</span> <span class='ocrx_word' id='word_1_86' title='bbox 1930 1547 2082 1611; x_wconf 86' lang='lat' dir='ltr'>ergo</span> <span class='ocrx_word' id='word_1_87' title='bbox 2126 1527 2298 1592; x_wconf 91' lang='lat' dir='ltr'>idem</span> <span class='ocrx_word' id='word_1_88' title='bbox 2345 1529 2613 1613; x_wconf 87' lang='lat' dir='ltr'>vitium,</span> <span class='ocrx_word' id='word_1_89' title='bbox 2661 1532 2729 1594; x_wconf 96' lang='lat' dir='ltr'>in</span> <span class='ocrx_word' id='word_1_90' title='bbox 2774 1532 2941 1618; x_wconf 92' lang='lat' dir='ltr'>quod</span> <span class='ocrx_word' id='word_1_91' title='bbox 2984 1534 3109 1596; x_wconf 89' lang='lat' dir='ltr'>iam</span> 
     </span>
     <span class='ocr_line' id='line_1_11' title="bbox 665 1644 3114 1732; baseline 0.002 -23"><span class='ocrx_word' id='word_1_92' title='bbox 665 1651 856 1709; x_wconf 87' lang='lat' dir='ltr'>antea</span> <span class='ocrx_word' id='word_1_93' title='bbox 887 1645 1278 1709; x_wconf 87' lang='lat' dir='ltr'>ostendimus</span> <span class='ocrx_word' id='word_1_94' title='bbox 1309 1667 1457 1710; x_wconf 90' lang='lat' dir='ltr'>eum</span> <span class='ocrx_word' id='word_1_95' title='bbox 1488 1646 1744 1731; x_wconf 88' lang='lat' dir='ltr'>saepius</span> <span class='ocrx_word' id='word_1_96' title='bbox 1774 1644 2105 1728; x_wconf 85' lang='lat' dir='ltr'>incidisse,</span> <span class='ocrx_word' id='word_1_97' title='bbox 2152 1665 2384 1732; x_wconf 90' lang='lat' dir='ltr'>nempe</span> <span class='ocrx_word' id='word_1_98' title='bbox 2417 1647 2585 1732; x_wconf 89' lang='lat' dir='ltr'>quod</span> <span class='ocrx_word' id='word_1_99' title='bbox 2614 1668 2797 1712; x_wconf 84' lang='lat' dir='ltr'>esua</span> <span class='ocrx_word' id='word_1_100' title='bbox 2828 1648 3114 1713; x_wconf 91' lang='lat' dir='ltr'>doctrina</span> 
     </span>
     <span class='ocr_line' id='line_1_12' title="bbox 666 1761 3111 1850; baseline 0.002 -24"><span class='ocrx_word' id='word_1_101' title='bbox 666 1761 1060 1826; x_wconf 88' lang='lat' dir='ltr'>adversarios</span> <span class='ocrx_word' id='word_1_102' title='bbox 1120 1763 1354 1828; x_wconf 85' lang='lat' dir='ltr'>refellit</span> <span class='ocrx_word' id='word_1_103' title='bbox 1416 1784 1617 1850; x_wconf 91' lang='lat' dir='ltr'>eoque</span> <span class='ocrx_word' id='word_1_104' title='bbox 1663 1763 1923 1827; x_wconf 87' lang='lat' dir='ltr'>fallitur.</span> <span class='ocrx_word' id='word_1_105' title='bbox 2013 1763 2359 1826; x_wconf 88' lang='lat' dir='ltr'>Praeterea</span> <span class='ocrx_word' id='word_1_106' title='bbox 2402 1770 2618 1828; x_wconf 90' lang='lat' dir='ltr'>monet</span> <span class='ocrx_word' id='word_1_107' title='bbox 2663 1787 2934 1830; x_wconf 87' lang='lat' dir='ltr'>vacuum</span> <span class='ocrx_word' id='word_1_108' title='bbox 2978 1767 3111 1830; x_wconf 84' lang='lat' dir='ltr'>sive</span> 
     </span>
     <span class='ocr_line' id='line_1_13' title="bbox 668 1880 3113 1967; baseline 0.002 -25"><span class='ocrx_word' id='word_1_109' title='bbox 668 1880 942 1965; x_wconf 88' lang='lat' dir='ltr'>spatium</span> <span class='ocrx_word' id='word_1_110' title='bbox 986 1902 1113 1944; x_wconf 93' lang='lat' dir='ltr'>non</span> <span class='ocrx_word' id='word_1_111' title='bbox 1158 1887 1378 1966; x_wconf 89' lang='lat' dir='ltr'>aptum</span> <span class='ocrx_word' id='word_1_112' title='bbox 1424 1901 1560 1944; x_wconf 91' lang='lat' dir='ltr'>esse</span> <span class='ocrx_word' id='word_1_113' title='bbox 1587 1930 1604 1963; x_wconf 90' lang='lat'>‚</span> <span class='ocrx_word' id='word_1_114' title='bbox 1673 1881 1842 1967; x_wconf 90' lang='lat' dir='ltr'>quod</span> <span class='ocrx_word' id='word_1_115' title='bbox 1888 1901 2150 1966; x_wconf 90' lang='lat' dir='ltr'>corpora</span> <span class='ocrx_word' id='word_1_116' title='bbox 2193 1880 2510 1964; x_wconf 87' lang='lat' dir='ltr'>retineat,</span> <span class='ocrx_word' id='word_1_117' title='bbox 2580 1904 2729 1946; x_wconf 89' lang='grc'><strong>110111</strong></span> <span class='ocrx_word' id='word_1_118' title='bbox 2781 1883 2994 1964; x_wconf 86' lang='grc'><strong>,,100113</strong></span> <span class='ocrx_word' id='word_1_119' title='bbox 3039 1906 3113 1948; x_wconf 88' lang='grc'>00</span> 
     </span>
     <span class='ocr_line' id='line_1_14' title="bbox 671 1997 3111 2084; baseline 0.002 -25"><span class='ocrx_word' id='word_1_120' title='bbox 671 1997 985 2082; x_wconf 83' lang='lat' dir='ltr'>spatium,</span> <span class='ocrx_word' id='word_1_121' title='bbox 1055 1999 1223 2084; x_wconf 90' lang='lat' dir='ltr'>quod</span> <span class='ocrx_word' id='word_1_122' title='bbox 1265 1999 1455 2062; x_wconf 89' lang='lat' dir='ltr'>inane</span> <span class='ocrx_word' id='word_1_123' title='bbox 1501 2020 1837 2081; x_wconf 86' lang='lat' dir='ltr'>vocamus,</span> <span class='ocrx_word' id='word_1_124' title='bbox 1906 2018 2020 2083; x_wconf 89' lang='lat' dir='ltr'>per</span> <span class='ocrx_word' id='word_1_125' title='bbox 2080 1997 2402 2080; x_wconf 87' lang='lat' dir='ltr'>medium,</span> <span class='ocrx_word' id='word_1_126' title='bbox 2463 2019 2578 2083; x_wconf 89' lang='lat' dir='ltr'>per</span> <span class='ocrx_word' id='word_1_127' title='bbox 2620 2021 2745 2064; x_wconf 91' lang='lat' dir='ltr'>non</span> <span class='ocrx_word' id='word_1_128' title='bbox 2790 2001 3070 2064; x_wconf 88' lang='lat' dir='ltr'>medium</span> <span class='ocrx_word' id='word_1_129' title='bbox 3094 2049 3111 2084; x_wconf 85' lang='lat'>,</span> 
     </span>
     <span class='ocr_line' id='line_1_15' title="bbox 669 2115 3110 2202; baseline 0.001 -24"><span class='ocrx_word' id='word_1_130' title='bbox 669 2115 1016 2180; x_wconf 87' lang='lat' dir='ltr'>concedere</span> <span class='ocrx_word' id='word_1_131' title='bbox 1063 2116 1253 2180; x_wconf 88' lang='lat' dir='ltr'>debet</span> <span class='ocrx_word' id='word_1_132' title='bbox 1297 2137 1499 2202; x_wconf 85' lang='lat' dir='ltr'>aeque</span> <span class='ocrx_word' id='word_1_133' title='bbox 1545 2115 1931 2201; x_wconf 87' lang='lat' dir='ltr'>ponderibus</span> <span class='ocrx_word' id='word_1_134' title='bbox 1955 2163 1972 2198; x_wconf 85' lang='lat'>‚</span> <span class='ocrx_word' id='word_1_135' title='bbox 2040 2121 2251 2179; x_wconf 90' lang='lat' dir='ltr'>motus</span> <span class='ocrx_word' id='word_1_136' title='bbox 2298 2137 2423 2201; x_wconf 91' lang='lat' dir='ltr'>qua</span> <span class='ocrx_word' id='word_1_137' title='bbox 2468 2137 2737 2202; x_wconf 89' lang='lat' dir='ltr'>cumque</span> <span class='ocrx_word' id='word_1_138' title='bbox 2783 2117 3110 2201; x_wconf 88' lang='lat' dir='ltr'>feruntur,</span> 
     </span>
     <span class='ocr_line' id='line_1_16' title="bbox 668 2233 3113 2320; baseline 0.002 -25"><span class='ocrx_word' id='word_1_139' title='bbox 668 2253 787 2296; x_wconf 90' lang='lat' dir='ltr'>nec</span> <span class='ocrx_word' id='word_1_140' title='bbox 819 2233 1149 2319; x_wconf 88' lang='lat' dir='ltr'>quisquam</span> <span class='ocrx_word' id='word_1_141' title='bbox 1178 2233 1355 2298; x_wconf 92' lang='lat' dir='ltr'>locus</span> <span class='ocrx_word' id='word_1_142' title='bbox 1385 2241 1515 2316; x_wconf 83' lang='lat' dir='ltr'>est,</span> <span class='ocrx_word' id='word_1_143' title='bbox 1546 2255 1670 2319; x_wconf 93' lang='lat' dir='ltr'>quo</span> <span class='ocrx_word' id='word_1_144' title='bbox 1702 2253 1969 2318; x_wconf 87' lang='lat' dir='ltr'>corpora</span> <span class='ocrx_word' id='word_1_145' title='bbox 2000 2253 2145 2296; x_wconf 89' lang='lat' dir='ltr'>cum</span> <span class='ocrx_word' id='word_1_146' title='bbox 2175 2238 2529 2315; x_wconf 86' lang='lat' dir='ltr'>venerunt,</span> <span class='ocrx_word' id='word_1_147' title='bbox 2560 2234 2859 2320; x_wconf 87' lang='lat' dir='ltr'>ponderis</span> <span class='ocrx_word' id='word_1_148' title='bbox 2884 2235 3113 2299; x_wconf 85' lang='lat' dir='ltr'>amissa</span> 
     </span>
     <span class='ocr_line' id='line_1_17' title="bbox 669 2349 3111 2437; baseline 0.001 -24"><span class='ocrx_word' id='word_1_149' title='bbox 669 2349 733 2413; x_wconf 89' lang='lat' dir='ltr'>vi</span> <span class='ocrx_word' id='word_1_150' title='bbox 777 2351 1021 2434; x_wconf 87' lang='lat' dir='ltr'>possint</span> <span class='ocrx_word' id='word_1_151' title='bbox 1066 2357 1232 2415; x_wconf 85' lang='lat' dir='ltr'>stare</span> <span class='ocrx_word' id='word_1_152' title='bbox 1277 2351 1345 2415; x_wconf 93' lang='lat' dir='ltr'>in</span> <span class='ocrx_word' id='word_1_153' title='bbox 1388 2351 1600 2414; x_wconf 90' lang='lat' dir='ltr'>inani:</span> <span class='ocrx_word' id='word_1_154' title='bbox 1647 2372 1766 2414; x_wconf 92' lang='lat' dir='ltr'>nec</span> <span class='ocrx_word' id='word_1_155' title='bbox 1812 2349 1979 2437; x_wconf 93' lang='lat' dir='ltr'>quod</span> <span class='ocrx_word' id='word_1_156' title='bbox 2024 2350 2212 2414; x_wconf 89' lang='lat' dir='ltr'>inane</span> <span class='ocrx_word' id='word_1_157' title='bbox 2244 2355 2461 2414; x_wconf 85' lang='lat' dir='ltr'>autem</span> <span class='ocrx_word' id='word_1_158' title='bbox 2491 2357 2590 2414; x_wconf 90' lang='lat' dir='ltr'>est</span> <span class='ocrx_word' id='word_1_159' title='bbox 2622 2352 2738 2415; x_wconf 90' lang='lat' dir='ltr'>ulli</span> <span class='ocrx_word' id='word_1_160' title='bbox 2770 2352 3111 2416; x_wconf 90' lang='lat' dir='ltr'>subsistere</span> 
     </span>
     <span class='ocr_line' id='line_1_18' title="bbox 670 2467 3110 2555; baseline 0 -24"><span class='ocrx_word' id='word_1_161' title='bbox 670 2467 896 2550; x_wconf 85' lang='lat' dir='ltr'>debet,</span> <span class='ocrx_word' id='word_1_162' title='bbox 942 2468 1097 2555; x_wconf 90' lang='lat' dir='ltr'>quin</span> <span class='ocrx_word' id='word_1_163' title='bbox 1120 2517 1137 2551; x_wconf 87' lang='lat'>‚</span> <span class='ocrx_word' id='word_1_164' title='bbox 1214 2490 1329 2532; x_wconf 91' lang='lat' dir='ltr'>sua</span> <span class='ocrx_word' id='word_1_165' title='bbox 1372 2468 1540 2555; x_wconf 91' lang='lat' dir='ltr'>quod</span> <span class='ocrx_word' id='word_1_166' title='bbox 1586 2475 1816 2532; x_wconf 83' lang='lat' dir='ltr'>natura</span> <span class='ocrx_word' id='word_1_167' title='bbox 1860 2467 2067 2554; x_wconf 86' lang='lat' dir='ltr'>petit,</span> <span class='ocrx_word' id='word_1_168' title='bbox 2114 2467 2461 2531; x_wconf 91' lang='lat' dir='ltr'>concedere</span> <span class='ocrx_word' id='word_1_169' title='bbox 2507 2469 2773 2553; x_wconf 86' lang='lat' dir='ltr'>pergat&#39;’</span> <span class='ocrx_word' id='word_1_170' title='bbox 2822 2469 2895 2550; x_wconf 90' lang='grc' dir='ltr'>(Ι.</span> <span class='ocrx_word' id='word_1_171' title='bbox 2948 2471 3110 2533; x_wconf 89' lang='grc'><strong>1074</strong></span> 
     </span>
     <span class='ocr_line' id='line_1_19' title="bbox 669 2585 3111 2674; baseline 0.002 -27"><span class='ocrx_word' id='word_1_172' title='bbox 669 2586 886 2671; x_wconf 80' lang='lat' dir='ltr'>seqq.).</span> <span class='ocrx_word' id='word_1_173' title='bbox 975 2585 1120 2650; x_wconf 92' lang='lat' dir='ltr'>Hoc</span> <span class='ocrx_word' id='word_1_174' title='bbox 1185 2585 1356 2649; x_wconf 91' lang='lat' dir='ltr'>idem</span> <span class='ocrx_word' id='word_1_175' title='bbox 1424 2585 1740 2674; x_wconf 81' lang='lat' dir='ltr'>Epicurus</span> <span class='ocrx_word' id='word_1_176' title='bbox 1810 2585 2028 2648; x_wconf 86' lang='lat' dir='ltr'>docet:</span> <span class='ocrx_word' id='word_1_177' title='bbox 2097 2589 2532 2671; x_wconf 79' lang='grc' dir='ltr'>παρεχομένου</span> <span class='ocrx_word' id='word_1_178' title='bbox 2600 2591 2717 2651; x_wconf 78' lang='grc' dir='ltr'>τοῦ</span> <span class='ocrx_word' id='word_1_179' title='bbox 2773 2593 2951 2651; x_wconf 82' lang='grc' dir='ltr'>κενοῦ</span> <span class='ocrx_word' id='word_1_180' title='bbox 2996 2589 3111 2662; x_wconf 86' lang='grc' dir='ltr'>τὴν</span> 
     </span>
     <span class='ocr_line' id='line_1_20' title="bbox 668 2700 3112 2793; baseline -0 -24"><span class='ocrx_word' id='word_1_181' title='bbox 668 2701 820 2779; x_wconf 73' lang='grc' dir='ltr'>εἶξιν</span> <span class='ocrx_word' id='word_1_182' title='bbox 853 2706 903 2787; x_wconf 79' lang='grc'>3)</span> <span class='ocrx_word' id='word_1_183' title='bbox 953 2709 1178 2788; x_wconf 83' lang='grc' dir='ltr'>ὁμοίαν</span> <span class='ocrx_word' id='word_1_184' title='bbox 1225 2710 1320 2771; x_wconf 77' lang='grc' dir='ltr'>καὶ</span> <span class='ocrx_word' id='word_1_185' title='bbox 1367 2710 1444 2793; x_wconf 72' lang='grc' dir='ltr'>τῇ</span> <span class='ocrx_word' id='word_1_186' title='bbox 1490 2706 1843 2791; x_wconf 74' lang='grc' dir='ltr'>κουφοτάτῃ</span> <span class='ocrx_word' id='word_1_187' title='bbox 1889 2709 1985 2770; x_wconf 80' lang='grc' dir='ltr'>καὶ</span> <span class='ocrx_word' id='word_1_188' title='bbox 2032 2707 2111 2789; x_wconf 76' lang='grc' dir='ltr'>τῇ</span> <span class='ocrx_word' id='word_1_189' title='bbox 2153 2700 2485 2788; x_wconf 77' lang='grc' dir='ltr'>βαρυτάτῃ</span> <span class='ocrx_word' id='word_1_190' title='bbox 2528 2708 2656 2769; x_wconf 83' lang='grc' dir='ltr'>τῶν</span> <span class='ocrx_word' id='word_1_191' title='bbox 2704 2702 2955 2785; x_wconf 76' lang='grc' dir='ltr'>ἀτόμων</span> <span class='ocrx_word' id='word_1_192' title='bbox 2978 2752 2997 2780; x_wconf 89' lang='lat'><em>,</em></span> <span class='ocrx_word' id='word_1_193' title='bbox 3046 2710 3112 2768; x_wconf 80' lang='lat' dir='ltr'>et</span> 
     </span>
     <span class='ocr_line' id='line_1_21' title="bbox 666 2820 3113 2907; baseline 0.001 -24"><span class='ocrx_word' id='word_1_194' title='bbox 666 2825 928 2905; x_wconf 79' lang='lat' dir='ltr'>postea:</span> <span class='ocrx_word' id='word_1_195' title='bbox 997 2820 1034 2897; x_wconf 78' lang='grc' dir='ltr'>ἥ</span> <span class='ocrx_word' id='word_1_196' title='bbox 1096 2848 1159 2886; x_wconf 83' lang='grc' dir='ltr'>τε</span> <span class='ocrx_word' id='word_1_197' title='bbox 1213 2821 1338 2906; x_wconf 75' lang='grc' dir='ltr'>γὰρ</span> <span class='ocrx_word' id='word_1_198' title='bbox 1385 2826 1497 2886; x_wconf 85' lang='grc' dir='ltr'>τοῦ</span> <span class='ocrx_word' id='word_1_199' title='bbox 1545 2825 1727 2885; x_wconf 78' lang='grc' dir='ltr'>κενοῦ</span> <span class='ocrx_word' id='word_1_200' title='bbox 1776 2822 1965 2905; x_wconf 76' lang='grc' dir='ltr'>φύσις</span> <span class='ocrx_word' id='word_1_201' title='bbox 2012 2866 2277 2882; x_wconf 90' lang='grc'><strong>......</strong></span> <span class='ocrx_word' id='word_1_202' title='bbox 2323 2820 2438 2894; x_wconf 87' lang='grc' dir='ltr'>τὴν</span> <span class='ocrx_word' id='word_1_203' title='bbox 2483 2820 2791 2904; x_wconf 66' lang='grc' dir='ltr'>ὑπέρεισιν</span> <span class='ocrx_word' id='word_1_204' title='bbox 2838 2820 2967 2907; x_wconf 83' lang='grc' dir='ltr'>οὐχ</span> <span class='ocrx_word' id='word_1_205' title='bbox 3009 2820 3113 2885; x_wconf 76' lang='grc' dir='ltr'>οἵα</span> 
     </span>
     <span class='ocr_line' id='line_1_22' title="bbox 666 2934 3112 3022; baseline -0.001 -21"><span class='ocrx_word' id='word_1_206' title='bbox 666 2934 718 3000; x_wconf 88' lang='grc' dir='ltr'>τ’</span> <span class='ocrx_word' id='word_1_207' title='bbox 749 2936 908 3001; x_wconf 80' lang='grc' dir='ltr'>οὖσα</span> <span class='ocrx_word' id='word_1_208' title='bbox 978 2941 1294 3003; x_wconf 65' lang='grc' dir='ltr'>ποιεῖσθαι</span> <span class='ocrx_word' id='word_1_209' title='bbox 1325 2934 1398 3020; x_wconf 81' lang='grc'>4).</span> <span class='ocrx_word' id='word_1_210' title='bbox 1488 2936 1785 3022; x_wconf 90' lang='lat' dir='ltr'>Denique</span> <span class='ocrx_word' id='word_1_211' title='bbox 1852 2935 1975 2999; x_wconf 92' lang='lat' dir='ltr'>sibi</span> <span class='ocrx_word' id='word_1_212' title='bbox 2042 2941 2330 2999; x_wconf 87' lang='lat' dir='ltr'>constare</span> <span class='ocrx_word' id='word_1_213' title='bbox 2397 2954 2524 2997; x_wconf 94' lang='lat' dir='ltr'>non</span> <span class='ocrx_word' id='word_1_214' title='bbox 2582 2941 2848 3019; x_wconf 89' lang='lat' dir='ltr'>possunt</span> <span class='ocrx_word' id='word_1_215' title='bbox 2914 2935 3112 2999; x_wconf 83' lang='lat' dir='ltr'>Stoici</span> 
     </span>
     <span class='ocr_line' id='line_1_23' title="bbox 675 3050 3112 3138; baseline 0 -23"><span class='ocrx_word' id='word_1_216' title='bbox 675 3051 1011 3138; x_wconf 85' lang='lat' dir='ltr'>„quoniam</span> <span class='ocrx_word' id='word_1_217' title='bbox 1075 3073 1204 3116; x_wconf 90' lang='lat' dir='ltr'>non</span> <span class='ocrx_word' id='word_1_218' title='bbox 1267 3053 1480 3117; x_wconf 88' lang='lat' dir='ltr'>omnia</span> <span class='ocrx_word' id='word_1_219' title='bbox 1546 3074 1810 3137; x_wconf 88' lang='lat' dir='ltr'>corpora</span> <span class='ocrx_word' id='word_1_220' title='bbox 1875 3052 2125 3135; x_wconf 85' lang='lat' dir='ltr'>fingunt</span> <span class='ocrx_word' id='word_1_221' title='bbox 2190 3051 2257 3115; x_wconf 93' lang='lat' dir='ltr'>in</span> <span class='ocrx_word' id='word_1_222' title='bbox 2301 3050 2584 3114; x_wconf 91' lang='lat' dir='ltr'>medium</span> <span class='ocrx_word' id='word_1_223' title='bbox 2628 3051 2827 3134; x_wconf 90' lang='lat' dir='ltr'>niti”;</span> <span class='ocrx_word' id='word_1_224' title='bbox 2888 3051 3112 3135; x_wconf 88' lang='lat' dir='ltr'>negari</span> 
     </span>
     <span class='ocr_line' id='line_1_24' title="bbox 667 3169 3115 3258; baseline -0 -25"><span class='ocrx_word' id='word_1_225' title='bbox 667 3170 839 3233; x_wconf 88' lang='lat' dir='ltr'>enim</span> <span class='ocrx_word' id='word_1_226' title='bbox 884 3192 1012 3234; x_wconf 92' lang='grc'><strong>11011</strong></span> <span class='ocrx_word' id='word_1_227' title='bbox 1056 3177 1267 3258; x_wconf 92' lang='lat' dir='ltr'>potest</span> <span class='ocrx_word' id='word_1_228' title='bbox 1309 3171 1544 3235; x_wconf 82' lang='lat' dir='ltr'>multas</span> <span class='ocrx_word' id='word_1_229' title='bbox 1586 3192 1690 3235; x_wconf 90' lang='lat' dir='ltr'>res</span> <span class='ocrx_word' id='word_1_230' title='bbox 1714 3220 1730 3253; x_wconf 89' lang='lat'>‚</span> <span class='ocrx_word' id='word_1_231' title='bbox 1794 3175 1865 3234; x_wconf 94' lang='lat' dir='ltr'>ut</span> <span class='ocrx_word' id='word_1_232' title='bbox 1909 3175 2065 3255; x_wconf 87' lang='lat' dir='ltr'>puta</span> <span class='ocrx_word' id='word_1_233' title='bbox 2108 3190 2295 3233; x_wconf 87' lang='lat' dir='ltr'>auras</span> <span class='ocrx_word' id='word_1_234' title='bbox 2341 3170 2515 3233; x_wconf 84' lang='lat' dir='ltr'>leves</span> <span class='ocrx_word' id='word_1_235' title='bbox 2559 3169 2969 3254; x_wconf 90' lang='lat' dir='ltr'>flammasque</span> <span class='ocrx_word' id='word_1_236' title='bbox 3034 3189 3115 3250; x_wconf 83' lang='lat' dir='ltr'>„a</span> 
     </span>
     <span class='ocr_line' id='line_1_25' title="bbox 667 3285 3111 3367; baseline -0.001 -17"><span class='ocrx_word' id='word_1_237' title='bbox 667 3288 876 3351; x_wconf 89' lang='lat' dir='ltr'>medio</span> <span class='ocrx_word' id='word_1_238' title='bbox 924 3287 1203 3351; x_wconf 90' lang='lat' dir='ltr'>differri&#39;’</span> <span class='ocrx_word' id='word_1_239' title='bbox 1234 3286 1303 3366; x_wconf 86' lang='lat'>⁵).</span> <span class='ocrx_word' id='word_1_240' title='bbox 1395 3288 1462 3352; x_wconf 83' lang='lat' dir='ltr'>Si</span> <span class='ocrx_word' id='word_1_241' title='bbox 1507 3288 1758 3352; x_wconf 90' lang='lat' dir='ltr'>illorum</span> <span class='ocrx_word' id='word_1_242' title='bbox 1804 3307 1957 3351; x_wconf 87' lang='lat' dir='ltr'>vera</span> <span class='ocrx_word' id='word_1_243' title='bbox 2002 3290 2169 3349; x_wconf 88' lang='lat' dir='ltr'>esset</span> <span class='ocrx_word' id='word_1_244' title='bbox 2201 3285 2518 3367; x_wconf 88' lang='lat' dir='ltr'>doctrina,</span> <span class='ocrx_word' id='word_1_245' title='bbox 2564 3285 2873 3349; x_wconf 90' lang='lat' dir='ltr'>mundum</span> <span class='ocrx_word' id='word_1_246' title='bbox 2904 3290 3111 3349; x_wconf 88' lang='lat' dir='ltr'>totum</span> 
     </span>
     <span class='ocr_line' id='line_1_26' title="bbox 667 3403 3111 3486; baseline -0.001 -18"><span class='ocrx_word' id='word_1_247' title='bbox 667 3405 915 3469; x_wconf 92' lang='lat' dir='ltr'>infinito</span> <span class='ocrx_word' id='word_1_248' title='bbox 983 3424 1185 3470; x_wconf 84' lang='lat' dir='ltr'>vacuo</span> <span class='ocrx_word' id='word_1_249' title='bbox 1256 3426 1393 3471; x_wconf 88' lang='lat' dir='ltr'>esse</span> <span class='ocrx_word' id='word_1_250' title='bbox 1440 3404 1903 3469; x_wconf 86' lang='lat' dir='ltr'>circumdatum</span> <span class='ocrx_word' id='word_1_251' title='bbox 1923 3453 1939 3486; x_wconf 89' lang='lat'>,</span> <span class='ocrx_word' id='word_1_252' title='bbox 2000 3403 2278 3484; x_wconf 85' lang='lat' dir='ltr'>„volucri</span> <span class='ocrx_word' id='word_1_253' title='bbox 2323 3403 2453 3467; x_wconf 89' lang='lat' dir='ltr'>ritu</span> <span class='ocrx_word' id='word_1_254' title='bbox 2496 3404 2893 3467; x_wconf 87' lang='lat' dir='ltr'>flammarum</span> <span class='ocrx_word' id='word_1_255' title='bbox 2937 3422 3111 3466; x_wconf 89' lang='lat' dir='ltr'>moe-</span> 
     </span>
     <span class='ocr_line' id='line_1_27' title="bbox 666 3513 3115 3608; baseline -0.002 -21"><span class='ocrx_word' id='word_1_256' title='bbox 666 3524 776 3588; x_wconf 89' lang='lat' dir='ltr'>nia</span> <span class='ocrx_word' id='word_1_257' title='bbox 832 3524 1053 3587; x_wconf 90' lang='lat' dir='ltr'>mundi</span> <span class='ocrx_word' id='word_1_258' title='bbox 1113 3513 1496 3608; x_wconf 84' lang='lat' dir='ltr'>diffugerent</span> <span class='ocrx_word' id='word_1_259' title='bbox 1541 3522 1750 3587; x_wconf 86' lang='lat' dir='ltr'>subito</span> <span class='ocrx_word' id='word_1_260' title='bbox 1795 3541 2100 3605; x_wconf 87' lang='lat' dir='ltr'>magnum</span> <span class='ocrx_word' id='word_1_261' title='bbox 2145 3541 2259 3606; x_wconf 91' lang='lat' dir='ltr'>per</span> <span class='ocrx_word' id='word_1_262' title='bbox 2302 3520 2491 3584; x_wconf 86' lang='lat' dir='ltr'>inane</span> <span class='ocrx_word' id='word_1_263' title='bbox 2539 3521 2744 3584; x_wconf 88' lang='lat' dir='ltr'>soluta</span> <span class='ocrx_word' id='word_1_264' title='bbox 2787 3526 2853 3583; x_wconf 90' lang='lat' dir='ltr'>et</span> <span class='ocrx_word' id='word_1_265' title='bbox 2898 3526 3115 3584; x_wconf 89' lang='lat' dir='ltr'>cetera</span> 
     </span>
     <span class='ocr_line' id='line_1_28' title="bbox 668 3637 3115 3729; baseline -0.002 -22"><span class='ocrx_word' id='word_1_266' title='bbox 668 3642 980 3707; x_wconf 90' lang='lat' dir='ltr'>consimili</span> <span class='ocrx_word' id='word_1_267' title='bbox 1032 3642 1278 3707; x_wconf 85' lang='lat' dir='ltr'>ratione</span> <span class='ocrx_word' id='word_1_268' title='bbox 1323 3640 1804 3729; x_wconf 88' lang='lat' dir='ltr'>sequerentur”‚</span> <span class='ocrx_word' id='word_1_269' title='bbox 1881 3660 2065 3723; x_wconf 88' lang='lat' dir='ltr'>„nam</span> <span class='ocrx_word' id='word_1_270' title='bbox 2110 3660 2238 3726; x_wconf 90' lang='lat' dir='ltr'>qua</span> <span class='ocrx_word' id='word_1_271' title='bbox 2281 3658 2552 3723; x_wconf 91' lang='lat' dir='ltr'>cumque</span> <span class='ocrx_word' id='word_1_272' title='bbox 2596 3638 2773 3724; x_wconf 90' lang='lat' dir='ltr'>prius</span> <span class='ocrx_word' id='word_1_273' title='bbox 2820 3637 2897 3701; x_wconf 91' lang='lat' dir='ltr'>de</span> <span class='ocrx_word' id='word_1_274' title='bbox 2942 3637 3115 3723; x_wconf 89' lang='lat' dir='ltr'>parti</span> 
     </span>
    </p>
   </div>
   <div class='ocr_carea' id='block_1_3' title="bbox 658 4026 3115 4787">
    <p class='ocr_par' dir='ltr' id='par_1_3' title="bbox 672 4026 3108 4213">
     <span class='ocr_line' id='line_1_29' title="bbox 735 4026 3108 4118; baseline -0.001 -15"><span class='ocrx_word' id='word_1_275' title='bbox 735 4054 772 4118; x_wconf 83' lang='lat'>¹)</span> <span class='ocrx_word' id='word_1_276' title='bbox 844 4053 920 4103; x_wconf 83' lang='lat' dir='ltr'>cf.</span> <span class='ocrx_word' id='word_1_277' title='bbox 958 4052 1094 4103; x_wconf 82' lang='lat' dir='ltr'>Stob.</span> <span class='ocrx_word' id='word_1_278' title='bbox 1131 4051 1220 4102; x_wconf 87' lang='lat' dir='ltr'>ecl.</span> <span class='ocrx_word' id='word_1_279' title='bbox 1256 4053 1316 4113; x_wconf 91' lang='lat' dir='ltr'>I,</span> <span class='ocrx_word' id='word_1_280' title='bbox 1355 4054 1415 4101; x_wconf 87' lang='grc'>19</span> <span class='ocrx_word' id='word_1_281' title='bbox 1438 4088 1452 4113; x_wconf 92' lang='grc'><strong>,</strong></span> <span class='ocrx_word' id='word_1_282' title='bbox 1488 4056 1549 4101; x_wconf 85' lang='lat'>4:</span> <span class='ocrx_word' id='word_1_283' title='bbox 1591 4051 1769 4103; x_wconf 76' lang='grc' dir='ltr'>πάντα</span> <span class='ocrx_word' id='word_1_284' title='bbox 1806 4055 1869 4102; x_wconf 85' lang='grc' dir='ltr'>τὰ</span> <span class='ocrx_word' id='word_1_285' title='bbox 1902 4052 2027 4115; x_wconf 75' lang='grc' dir='ltr'><strong>μέρη</strong></span> <span class='ocrx_word' id='word_1_286' title='bbox 2064 4055 2153 4102; x_wconf 83' lang='grc' dir='ltr'>τοῦ</span> <span class='ocrx_word' id='word_1_287' title='bbox 2190 4026 2381 4116; x_wconf 52' lang='lat' dir='ltr'>:Aegion</span> <span class='ocrx_word' id='word_1_288' title='bbox 2414 4052 2497 4101; x_wconf 78' lang='grc' dir='ltr'>ἐπὶ</span> <span class='ocrx_word' id='word_1_289' title='bbox 2532 4056 2590 4102; x_wconf 86' lang='grc' dir='ltr'>τὸ</span> <span class='ocrx_word' id='word_1_290' title='bbox 2622 4052 2778 4113; x_wconf 73' lang='grc' dir='ltr'>μέσον</span> <span class='ocrx_word' id='word_1_291' title='bbox 2803 4052 2891 4103; x_wconf 80' lang='grc' dir='ltr'>τοῦ</span> <span class='ocrx_word' id='word_1_292' title='bbox 2916 4050 3108 4114; x_wconf 72' lang='grc' dir='ltr'>κόσμου</span> 
     </span>
     <span class='ocr_line' id='line_1_30' title="bbox 672 4146 1582 4213; baseline -0.002 -15"><span class='ocrx_word' id='word_1_293' title='bbox 672 4150 768 4209; x_wconf 83' lang='grc' dir='ltr'>τὴν</span> <span class='ocrx_word' id='word_1_294' title='bbox 800 4150 964 4213; x_wconf 76' lang='grc' dir='ltr'>φορὰν</span> <span class='ocrx_word' id='word_1_295' title='bbox 995 4149 1130 4212; x_wconf 81' lang='grc' dir='ltr'>ἔχειν</span> <span class='ocrx_word' id='word_1_296' title='bbox 1162 4146 1350 4197; x_wconf 84' lang='lat' dir='ltr'>Zenoni</span> <span class='ocrx_word' id='word_1_297' title='bbox 1381 4146 1582 4209; x_wconf 79' lang='lat' dir='ltr'>placuit.</span> 
     </span>
    </p>

    <p class='ocr_par' dir='ltr' id='par_1_4' title="bbox 658 4240 3115 4591">
     <span class='ocr_line' id='line_1_31' title="bbox 733 4240 3113 4307; baseline -0.001 -14"><span class='ocrx_word' id='word_1_298' title='bbox 733 4244 774 4305; x_wconf 81' lang='lat'>²)</span> <span class='ocrx_word' id='word_1_299' title='bbox 847 4245 908 4293; x_wconf 92' lang='lat' dir='ltr'>D.</span> <span class='ocrx_word' id='word_1_300' title='bbox 944 4244 1002 4293; x_wconf 94' lang='lat' dir='ltr'>L.</span> <span class='ocrx_word' id='word_1_301' title='bbox 1037 4243 1174 4294; x_wconf 81' lang='lat' dir='ltr'>VII:</span> <span class='ocrx_word' id='word_1_302' title='bbox 1228 4247 1350 4293; x_wconf 84' lang='lat'>140:</span> <span class='ocrx_word' id='word_1_303' title='bbox 1412 4242 1502 4292; x_wconf 79' lang='grc' dir='ltr'>ἕνα</span> <span class='ocrx_word' id='word_1_304' title='bbox 1537 4248 1628 4295; x_wconf 85' lang='grc' dir='ltr'>τὸν</span> <span class='ocrx_word' id='word_1_305' title='bbox 1661 4247 1851 4306; x_wconf 68' lang='grc' dir='ltr'>κόσμον</span> <span class='ocrx_word' id='word_1_306' title='bbox 1884 4246 2008 4294; x_wconf 79' lang='grc' dir='ltr'>εἶναι</span> <span class='ocrx_word' id='word_1_307' title='bbox 2042 4245 2125 4292; x_wconf 67' lang='grc' dir='ltr'>καὶ</span> <span class='ocrx_word' id='word_1_308' title='bbox 2160 4246 2345 4294; x_wconf 83' lang='grc' dir='ltr'>τοῦτον</span> <span class='ocrx_word' id='word_1_309' title='bbox 2377 4246 2761 4307; x_wconf 78' lang='grc' dir='ltr'>πεπερασμένον</span> <span class='ocrx_word' id='word_1_310' title='bbox 2802 4278 2813 4290; x_wconf 92' lang='grc'><strong>.</strong></span> <span class='ocrx_word' id='word_1_311' title='bbox 2842 4282 2851 4291; x_wconf 92' lang='grc'><strong>.</strong></span> <span class='ocrx_word' id='word_1_312' title='bbox 2879 4278 2890 4289; x_wconf 88' lang='grc'><strong>.</strong></span> <span class='ocrx_word' id='word_1_313' title='bbox 2924 4240 3113 4298; x_wconf 69' lang='grc' dir='ltr'>ἔξωθεν</span> 
     </span>
     <span class='ocr_line' id='line_1_32' title="bbox 671 4337 2205 4401; baseline -0.002 -14"><span class='ocrx_word' id='word_1_314' title='bbox 671 4337 718 4387; x_wconf 84' lang='grc' dir='ltr'>δὲ</span> <span class='ocrx_word' id='word_1_315' title='bbox 756 4340 916 4389; x_wconf 71' lang='grc' dir='ltr'>αὐτοῦ</span> <span class='ocrx_word' id='word_1_316' title='bbox 951 4338 1344 4401; x_wconf 67' lang='grc' dir='ltr'>περικεχυμένον</span> <span class='ocrx_word' id='word_1_317' title='bbox 1377 4341 1500 4388; x_wconf 75' lang='grc' dir='ltr'>εἶναι</span> <span class='ocrx_word' id='word_1_318' title='bbox 1535 4343 1593 4389; x_wconf 88' lang='grc' dir='ltr'>τὸ</span> <span class='ocrx_word' id='word_1_319' title='bbox 1629 4342 1775 4389; x_wconf 79' lang='grc' dir='ltr'>κενὸν</span> <span class='ocrx_word' id='word_1_320' title='bbox 1810 4340 2023 4401; x_wconf 82' lang='grc' dir='ltr'>ἄπειρον</span> <span class='ocrx_word' id='word_1_321' title='bbox 2049 4371 2205 4387; x_wconf 88' lang='grc'><strong>.....</strong></span> 
     </span>
     <span class='ocr_line' id='line_1_33' title="bbox 658 4422 3115 4499; baseline -0.001 -16"><span class='ocrx_word' id='word_1_322' title='bbox 658 4422 676 4442; x_wconf 74' lang='grc'><strong>“</strong></span> <span class='ocrx_word' id='word_1_323' title='bbox 738 4434 778 4499; x_wconf 83' lang='lat'>³)</span> <span class='ocrx_word' id='word_1_324' title='bbox 851 4434 933 4483; x_wconf 80' lang='lat' dir='ltr'>Ita</span> <span class='ocrx_word' id='word_1_325' title='bbox 964 4431 1065 4497; x_wconf 87' lang='lat' dir='ltr'>legi</span> <span class='ocrx_word' id='word_1_326' title='bbox 1097 4433 1270 4482; x_wconf 88' lang='lat' dir='ltr'>debere</span> <span class='ocrx_word' id='word_1_327' title='bbox 1302 4448 1390 4495; x_wconf 87' lang='lat' dir='ltr'>pro</span> <span class='ocrx_word' id='word_1_328' title='bbox 1422 4436 1524 4489; x_wconf 74' lang='grc' dir='ltr'>ἴξιν</span> <span class='ocrx_word' id='word_1_329' title='bbox 1555 4433 1770 4483; x_wconf 87' lang='lat' dir='ltr'>ostendit</span> <span class='ocrx_word' id='word_1_330' title='bbox 1801 4434 1905 4482; x_wconf 89' lang='lat' dir='ltr'>cod.</span> <span class='ocrx_word' id='word_1_331' title='bbox 1941 4432 2077 4482; x_wconf 88' lang='lat' dir='ltr'>Leid.</span> <span class='ocrx_word' id='word_1_332' title='bbox 2114 4431 2201 4496; x_wconf 91' lang='lat' dir='ltr'>qui</span> <span class='ocrx_word' id='word_1_333' title='bbox 2232 4435 2249 4483; x_wconf 78' lang='grc' dir='ltr'><strong>ἶ</strong></span> <span class='ocrx_word' id='word_1_334' title='bbox 2280 4434 2359 4489; x_wconf 75' lang='grc' dir='ltr'>ξεν</span> <span class='ocrx_word' id='word_1_335' title='bbox 2393 4447 2503 4480; x_wconf 89' lang='grc'><strong>011111</strong></span> <span class='ocrx_word' id='word_1_336' title='bbox 2538 4431 2716 4494; x_wconf 84' lang='lat' dir='ltr'>spiritu</span> <span class='ocrx_word' id='word_1_337' title='bbox 2747 4430 2849 4480; x_wconf 90' lang='lat' dir='ltr'>leni</span> <span class='ocrx_word' id='word_1_338' title='bbox 2880 4434 2931 4481; x_wconf 86' lang='lat' dir='ltr'>et</span> <span class='ocrx_word' id='word_1_339' title='bbox 2961 4431 3115 4481; x_wconf 81' lang='lat' dir='ltr'>unius</span> 
     </span>
     <span class='ocr_line' id='line_1_34' title="bbox 665 4527 1455 4591; baseline -0.004 -13"><span class='ocrx_word' id='word_1_340' title='bbox 665 4529 860 4578; x_wconf 83' lang='lat' dir='ltr'>litterae</span> <span class='ocrx_word' id='word_1_341' title='bbox 895 4528 1055 4591; x_wconf 82' lang='lat' dir='ltr'>spatio</span> <span class='ocrx_word' id='word_1_342' title='bbox 1087 4527 1259 4577; x_wconf 84' lang='lat' dir='ltr'>relicto</span> <span class='ocrx_word' id='word_1_343' title='bbox 1291 4527 1455 4577; x_wconf 85' lang='lat' dir='ltr'>habet.</span> 
     </span>
    </p>

    <p class='ocr_par' dir='ltr' id='par_1_5' title="bbox 731 4622 2525 4689">
     <span class='ocr_line' id='line_1_35' title="bbox 731 4622 2525 4689; baseline -0.002 -16"><span class='ocrx_word' id='word_1_344' title='bbox 731 4625 772 4689; x_wconf 85' lang='lat'>⁴)</span> <span class='ocrx_word' id='word_1_345' title='bbox 845 4624 908 4673; x_wconf 92' lang='lat' dir='ltr'>D.</span> <span class='ocrx_word' id='word_1_346' title='bbox 943 4624 1001 4673; x_wconf 96' lang='lat' dir='ltr'>L.</span> <span class='ocrx_word' id='word_1_347' title='bbox 1038 4624 1103 4673; x_wconf 92' lang='lat' dir='ltr'>X.</span> <span class='ocrx_word' id='word_1_348' title='bbox 1140 4626 1201 4673; x_wconf 84' lang='lat'>43</span> <span class='ocrx_word' id='word_1_349' title='bbox 1237 4628 1288 4673; x_wconf 87' lang='lat' dir='ltr'>et</span> <span class='ocrx_word' id='word_1_350' title='bbox 1321 4628 1418 4673; x_wconf 85' lang='lat'>44:</span> <span class='ocrx_word' id='word_1_351' title='bbox 1453 4639 1544 4686; x_wconf 87' lang='lat' dir='ltr'>pro</span> <span class='ocrx_word' id='word_1_352' title='bbox 1578 4628 1668 4676; x_wconf 87' lang='grc' dir='ltr'>τὸν</span> <span class='ocrx_word' id='word_1_353' title='bbox 1703 4624 1863 4674; x_wconf 81' lang='grc' dir='ltr'>αἰῶνα</span> <span class='ocrx_word' id='word_1_354' title='bbox 1898 4622 2136 4674; x_wconf 85' lang='lat' dir='ltr'>substitui</span> <span class='ocrx_word' id='word_1_355' title='bbox 2170 4629 2273 4675; x_wconf 82' lang='grc' dir='ltr'>τῶν</span> <span class='ocrx_word' id='word_1_356' title='bbox 2306 4624 2525 4688; x_wconf 80' lang='grc' dir='ltr'>ἀτόμων.</span> 
     </span>
    </p>

    <p class='ocr_par' dir='ltr' id='par_1_6' title="bbox 731 4719 1219 4787">
     <span class='ocr_line' id='line_1_36' title="bbox 731 4719 1219 4787; baseline -0.002 -19"><span class='ocrx_word' id='word_1_357' title='bbox 731 4720 771 4787; x_wconf 83' lang='lat'>⁸)</span> <span class='ocrx_word' id='word_1_358' title='bbox 842 4719 885 4768; x_wconf 92' lang='grc' dir='ltr'>Ι.</span> <span class='ocrx_word' id='word_1_359' title='bbox 928 4721 1048 4767; x_wconf 91' lang='lat'>1083</span> <span class='ocrx_word' id='word_1_360' title='bbox 1087 4734 1219 4784; x_wconf 85' lang='lat' dir='ltr'>seqq.</span> 
     </span>
    </p>
   </div>
  </div>
 </body>
</html>
