3529 5359
1593 391 1717 456 185

439 613 483 659 a
546 592 915 657 Democrito
983 593 1418 678 discrepabat,
1484 593 1603 657 etsi
1671 592 2066 656 constantius
2112 611 2363 676 semper
2405 590 2510 653 hic
2554 588 2889 654 ratiocina-
2945 623 2951 635 ι

441 716 547 774 tur
572 759 588 792 ,
649 715 864 774 tamen
923 710 1220 796 quoniam
1269 732 1412 775 cum
1457 710 1720 796 Epicuri
1768 708 1995 774 ethicis
2040 707 2371 794 principiis
2416 705 2888 787 cohaerebant,

441 826 694 891 stabilia
741 847 878 890 esse
925 827 1260 892 debebant.
1354 828 1496 910 Sic,
1543 834 1617 890 ut
1665 826 1787 891 hoc
1818 832 1964 890 utar
1988 876 2004 909 ,
2052 825 2390 890 declinatio
2419 831 2776 888 atomorum
2804 820 2887 886 ab

439 943 717 1029 Epicuro
741 944 1038 1026 inventa,
1087 944 1399 1030 quomodo
1431 944 1634 1008 libera
1663 965 1778 1007 nos
1807 948 2063 1007 utamur
2084 943 2414 1007 voluntate
2438 941 2759 1026 explicare
2779 937 2887 1002 de-

438 1060 600 1144 buit,
624 1061 791 1146 quod
814 1059 1119 1146 placitum
1144 1061 1312 1125 inter
1330 1063 1706 1146 gravissima
1722 1061 1919 1124 totius
1936 1060 2178 1126 ethices
2194 1060 2549 1146 Epicureae
2568 1058 2882 1122 exstabat.

438 1177 666 1264 Itaque
711 1178 850 1263 ipsa
895 1178 1180 1244 doctrina
1222 1179 1380 1242 fines
1433 1179 1863 1265 praescripsit,
1910 1199 2067 1265 quos
2111 1177 2467 1262 transgredi
2512 1198 2640 1241 non
2664 1175 2883 1240 licuit:

440 1314 603 1378 quae
651 1299 826 1358 certa
867 1299 978 1359 aut
1021 1294 1268 1358 incerta
1316 1301 1529 1358 essent
1552 1345 1568 1378 ,
1615 1300 1912 1359 accurate
1962 1300 2099 1358 erat
2145 1282 2515 1358 indicatum.
2583 1293 2661 1356 In
2706 1290 2885 1355 scho-

437 1409 567 1474 lam
633 1410 1094 1496 Epicureorum
1159 1411 1282 1475 hoc
1347 1432 1538 1498 saepe
1597 1412 1901 1476 iteratum
1962 1411 2249 1476 Lucretii
2295 1411 2533 1474 dictum
2580 1408 2883 1495 quadrat:

443 1527 919 1614 „quodcumque
990 1530 1120 1592 suis
1185 1535 1504 1593 mutatum
1571 1529 1804 1594 finibus
1872 1529 2045 1612 exit,
2087 1525 2328 1593 'statim
2388 1525 2455 1591 id
2544 1548 2713 1590 mors
2788 1530 2887 1590 est

436 1644 609 1709 illius
675 1644 844 1732 quod
901 1645 1025 1710 fuit
1068 1647 1296 1710 ante'':
1361 1647 1470 1732 qui
1513 1646 1806 1731 magistri
1850 1646 2222 1732 principiis,
2291 1645 2487 1710 animi
2532 1642 2885 1729 tranquilli-

436 1767 635 1828 tatem
695 1756 1011 1828 summum
1074 1786 1211 1829 esse
1260 1765 1497 1829 bonum
1516 1815 1532 1848 ,
1600 1770 1897 1829 naturam
1942 1766 2155 1830 omnia
2200 1785 2283 1828 ex
2329 1764 2556 1828 atomis
2602 1768 2884 1826 constru-

436 1881 606 1944 xisse
652 1879 772 1944 diis
819 1886 1152 1966 expertem
1179 1931 1195 1964 ,
1242 1902 1465 1945 sensus
1511 1882 1678 1945 solos
1723 1882 1879 1968 quid
1922 1903 2145 1946 verum
2192 1882 2276 1945 sit
2322 1880 2668 1944 diiudicare
2694 1929 2710 1962 ,
2755 1899 2884 1942 non

439 1998 904 2062 assentiebatur
971 2020 1010 2062 a
1071 1985 1288 2062 schola
1347 1996 1811 2062 excludebatur
1837 2049 1853 2082 ,
1923 2000 2033 2085 qui
2100 2019 2177 2062 ea
2219 1997 2571 2083 probabat,
2639 1995 2885 2082 reliqua

437 2134 687 2199 negaret
739 2136 867 2179 non
927 2120 1195 2201 poterat.
1289 2115 1436 2200 Ipse
1481 2115 1799 2201 Epicurus
1844 2115 2265 2180 constantiam
2311 2135 2451 2178 eam
2499 2133 2885 2199 consequen-

437 2237 566 2296 tem
615 2252 754 2296 esse
803 2231 1127 2300 doctrinae
1174 2231 1535 2296 evidentiae
1581 2231 1893 2314 credidit,
1953 2231 2105 2316 quin
2154 2231 2347 2295 etiam
2378 2250 2524 2294 cum
2552 2228 2884 2293 hominum

437 2349 714 2434 corporis
759 2354 930 2412 statu
955 2399 971 2432 ,
1027 2369 1178 2433 ergo
1225 2370 1369 2441 cum
1415 2353 1773 2413 atomorum
1818 2348 2021 2412 forma
2073 2353 2140 2411 et
2178 2346 2539 2433 „positura”
2568 2367 2709 2410 eam
2738 2366 2885 2410 con-

431 2465 664 2530 iunxit.
751 2465 967 2532 Ἀλλὰ
1017 2471 1110 2531 καὶ
1159 2468 1274 2531 τὸν
1323 2463 1493 2540 ἅπαξ
1536 2469 1884 2553 γενόμενον
1932 2467 2138 2551 σοφὸν
2185 2467 2389 2558 μηκέτ-ι
2432 2466 2549 2540 τὴν
2596 2466 2883 2529 ἐναντίαν

434 2580 789 2670 λαμβάνειν
849 2581 1127 2649 διάθεσιν
1188 2581 1336 2666 μηδὲ
1397 2582 1694 2649 πλάττειν
1741 2585 1962 2648 ἑκόντα
2012 2603 2025 2617 ·
2080 2584 2307 2648 πάθεσι
2351 2580 2607 2662 μᾶλλον
2654 2607 2885 2664 συσχε-

432 2704 739 2778 θήσεσθαι
789 2723 804 2738 ·
853 2702 968 2767 οὐκ
1013 2701 1091 2767 ἂν
1136 2699 1463 2782 ἐμποδίσαι
1509 2703 1676 2787 πρὸς
1719 2703 1837 2777 τὴν
1883 2704 2125 2787 σοφίαν
2171 2719 2187 2736 ’
2236 2697 2381 2765 οὐδὲ
2424 2701 2549 2781 μὴν
2578 2700 2642 2763 ἐκ
2671 2699 2883 2775 πάσης

433 2820 723 2902 σώματος
791 2817 978 2895 ἕξεως
1023 2820 1231 2906 σοφὸν
1277 2823 1569 2906 γενέσθαι
1616 2819 1693 2885 ἂν
1741 2816 1877 2885 οὐδ’
1922 2822 1987 2884 ἐν
2034 2822 2219 2884 παντὶ
2268 2818 2430 2884 ’ἔθνει
2470 2814 2527 2899 ¹).
2620 2814 2882 2901 Sapien-

433 2940 564 3000 tem
607 2935 774 3000 dixit
819 2934 1173 3023 δογματιεῖν
1215 2964 1280 3003 τε
1323 2941 1421 3003 καὶ
1468 2937 1583 3003 οὐκ
1626 2938 1972 3021 ἀπορήσειν
2005 2938 2070 3019 ²).

516 3053 811 3140 Denique
875 3058 1076 3139 restat
1133 3058 1209 3117 ut
1268 3054 1487 3139 paucis
1533 3075 1696 3141 quae
1744 3054 1872 3117 sint
1918 3053 2209 3117 Lucretii
2256 3050 2607 3116 carminum
2651 3048 2883 3113 merita

431 3159 762 3235 narremus
787 3219 804 3253 ,
873 3190 954 3233 ne
1020 3169 1184 3235 forte
1250 3175 1440 3255 putes
1507 3192 1624 3233 nos
1694 3191 1843 3234 eum
1888 3190 2049 3256 opus
2100 3188 2645 3255 supervacaneum
2690 3166 2883 3251 scrip-

434 3287 588 3351 sisse
654 3308 934 3353 censere.
1026 3286 1365 3351 Lucretius
1433 3292 1532 3351 est
1598 3293 1790 3372 poeta
1901 3288 2139 3352 Poesin
2206 3293 2421 3352 autem
2492 3291 2566 3349 ut
2638 3290 2883 3348 ceteras

433 3410 602 3469 artes
670 3404 987 3490 Epicurus
1053 3425 1182 3469 non
1242 3405 1461 3489 magni
1522 3404 1781 3468 duxisse
1828 3404 2125 3488 videtur,
2196 3427 2339 3470 cum
2385 3426 2526 3469 eam
2570 3402 2883 3490 puerilem

435 3520 928 3588 delectationem
997 3527 1254 3586 vocaret
1324 3528 1388 3586 et
1447 3522 1662 3606 potius
1723 3522 2072 3607 voluptatis
2118 3544 2309 3609 quam
2352 3521 2649 3585 utilitatis
2694 3539 2886 3583 causa

434 3638 858 3719 exercendam
903 3637 974 3723 ³).
1031 3639 1368 3705 Lucretius
1411 3645 1485 3703 ut
1529 3640 1733 3703 fidelis
1779 3641 2068 3725 magistri
2116 3640 2499 3725 discipulus,
2538 3638 2707 3702 idem
2740 3657 2885 3701 con·-

433 3756 684 3821 firmare
753 3757 984 3840 audet,
1045 3778 1192 3822 cum
1237 3756 1339 3821 IV
1409 3778 1500 3820 vs.
1554 3759 1633 3821 10
1681 3778 1853 3844 seqq.
1904 3764 2091 3822 canat
2138 3778 2204 3821 se
2249 3757 2502 3842 poetica
2545 3755 2745 3820 forma
2788 3753 2884 3817 uti

432 3850 538 3939 rel
603 3895 899 3956 „musaeo
963 3875 1132 3939 dulci
1181 3876 1552 3959 contingere
1599 3877 1833 3939 melle”
1880 3876 2194 3940 rationem
2219 3924 2236 3958 ,
2300 3874 2675 3961 plerumque
2721 3893 2883 3959 quae

433 3990 728 4056 videatur
793 3992 1034 4056 tristior
1101 4012 1274 4075 esse,
1345 3998 1462 4069 ut,
1533 3992 2069 4078 quemadmodum
2137 3991 2370 4057 medici
2408 3990 2625 4077 pueris
2669 4011 2885 4054 amara

432 4106 899 4172 medicamenta
965 4108 1379 4192 „contingant
1441 4110 1650 4173 mellis
1697 4109 1869 4173 dulci
1912 4110 2204 4195 flavoque
2250 4109 2497 4195 liquore
2543 4113 2617 4169 ut
2660 4126 2885 4192 puero-

433 4244 575 4289 rum
619 4230 796 4290 aetas
840 4225 1196 4312 improvida
1240 4225 1644 4289 ludificetur''
1673 4275 1689 4308 ,
1740 4226 1829 4289 sic
1877 4246 2125 4312 quoque
2157 4227 2377 4311 pulcra
2406 4224 2657 4310 poetica
2682 4222 2887 4287 forma

434 4340 676 4405 aridam
743 4348 808 4405 et
866 4342 1086 4406 multis
1146 4342 1560 4407 iniucundam
1607 4343 1960 4407 doctrinam
2007 4349 2294 4407 exornet.
2386 4339 2750 4406 Laudemus
2794 4344 2887 4403 ta-

501 4545 542 4610 ¹)
565 4618 588 4627 ἡ
607 4546 674 4595 1).
710 4546 768 4596 L.
804 4545 884 4607 X,
925 4546 1034 4598 117.

497 4640 541 4704 ²)
609 4642 671 4691 D.
707 4640 766 4690 L.
801 4640 884 4706 X,
922 4644 1029 4692 121.

497 4734 540 4801 ²)
609 4734 711 4787 cio.
745 4735 806 4785 de
837 4734 951 4785 Pin.
986 4733 1030 4785 Ι.
1065 4733 1201 4785 Plut.
1234 4732 1351 4784 Non
1381 4748 1524 4798 posse
1558 4749 1698 4784 nuav.
1735 4734 1843 4785 vivi
1876 4740 1991 4785 cett.
2059 4735 2123 4785 D.
2160 4736 2217 4787 L.
2255 4734 2339 4796 X,
2380 4737 2486 4783 120.
