3529 5359
1858 391 1901 452 2

663 591 1021 658 Amafinius
1038 641 1056 676 ,
1101 590 1210 678 qui
1253 588 1517 677 physica
1563 589 1813 675 scripsit
1838 592 1905 673 ¹),
1953 591 2121 677 quod
2164 592 2335 656 idem
2375 591 2679 658 Rabirius
2738 591 2961 658 fecisse
3004 594 3098 660 vi-

666 711 869 775 detur.
946 708 1166 774 Catius
1207 708 1518 790 Insuber,
1563 707 1848 792 aequalis
1895 707 2260 792 Ciceronis,
2313 709 2510 791 „levis
2541 710 2797 796 quidem
2828 711 2939 776 sed
2968 733 3099 776 non

663 826 1045 892 iniucundus
1088 832 1304 891 tamen
1347 825 1605 889 auctor”
1654 829 1955 910 quattuor
1998 825 2191 889 libros
2238 826 2488 912 scripsit
2518 826 2596 891 de
2626 848 2841 892 rerum
2870 835 3100 894 natura

663 951 730 1011 et
796 945 875 1009 de
936 964 1181 1009 summo
1240 941 1426 1007 bono.
1516 942 1785 1006 Praeter
1827 941 1943 1007 hos
1986 963 2219 1028 magna
2264 950 2401 1009 erat
2445 945 2788 1011 multitudo
2834 967 3051 1012 eorum
3078 995 3096 1030 ,

663 1064 772 1151 qui
817 1085 962 1129 cum
1005 1061 1278 1127 Horatio
1323 1061 1618 1126 dicebant
1641 1062 1728 1145 2):

756 1182 890 1264 „Ac
953 1201 1037 1245 ne
1104 1178 1265 1244 forte
1310 1199 1536 1263 rogeS,
1605 1199 1728 1265 quo
1772 1199 1877 1242 me
1922 1177 2125 1261 duce,
2192 1199 2319 1263 quo
2365 1179 2496 1243 lare
2542 1184 2751 1245 tuter:

756 1300 1029 1382 „nullius
1071 1297 1360 1362 addictus
1404 1297 1614 1360 iurare
1658 1296 1726 1359 in
1786 1295 1985 1360 verba
2027 1296 2358 1380 magistri,

753 1439 916 1504 „quo
983 1436 1087 1480 me
1148 1435 1396 1500 cunque
1463 1413 1630 1499 rapit
1695 1418 2083 1498 tempestas,
2152 1412 2402 1479 deferor
2451 1412 2743 1501 hospes'',

663 1540 729 1599 et
795 1541 1010 1599 tamen
1078 1533 1340 1619 Epicuri
1409 1531 1760 1595 doctrinam
1828 1552 1973 1594 cum
2016 1531 2295 1596 maxime
2339 1530 2639 1597 fovebant
2681 1539 2754 1597 ut
2794 1534 2931 1620 ipse
2960 1533 3098 1598 Ho-

659 1651 862 1716 ratius
887 1655 972 1734 ³),
1040 1650 1380 1715 Maecenas
1441 1653 1507 1712 et
1573 1653 1764 1712 antea
1824 1647 2148 1712 Ciceronis
2206 1648 2533 1712 familiaris
2585 1649 2657 1713 Τ.
2706 1651 3096 1736 Pomponius

659 1767 918 1833 Atticus
940 1765 990 1851 4)
1039 1771 1104 1831 et
1149 1767 1223 1830 L.
1275 1766 1567 1830 Saufeius
1590 1764 1658 1843 ⁵).

747 1885 1020 1950 Causam
1064 1883 1514 1968 investiganti,
1576 1904 1687 1946 cur
1731 1887 1827 1946 tot
1876 1881 2067 1946 huius
2119 1880 2370 1947 scholae
2424 1883 2716 1970 discipuli
2767 1885 3095 1950 floruerint

659 2003 905 2068 Romae
933 2053 949 2086 ,
1015 2000 1174 2067 haec
1235 2002 1367 2066 fere
1435 1999 1844 2064 satisfacient.
1936 2000 2367 2064 Romanorum
2427 2001 2598 2065 enim
2642 2003 2970 2087 ingenium
3013 2004 3093 2068 ab

659 2121 939 2207 antiquis
984 2119 1375 2206 temporibus
1419 2117 1805 2182 abhorrebat
1848 2139 1888 2180 a
1932 2116 2330 2202 philosophia
2351 2120 2430 2201 ὅ);
2491 2119 2585 2182 rei
2627 2119 2929 2203 militari,
2975 2121 3093 2184 rei-

657 2237 952 2324 publicae
1019 2235 1186 2302 bene
1247 2235 1767 2318 constituendae,
1836 2235 1960 2298 iuri
2019 2235 2191 2299 civili
2238 2240 2303 2298 et
2346 2236 2688 2300 virtutibus
2733 2237 3093 2302 domesticis

658 2355 1027 2419 excolendis
1095 2353 1244 2418 solis
1314 2352 1625 2417 dederunt
1671 2373 1929 2437 operam
1955 2401 1971 2434 ,
2041 2373 2164 2438 quo
2208 2352 2446 2418 factum
2490 2359 2630 2437 est,
2696 2361 2771 2418 ut
2813 2355 3093 2438 vulgaris

656 2471 828 2536 vitae
874 2469 1300 2554 consuetude,
1371 2469 1576 2555 pietas
1622 2490 1776 2553 erga
1817 2470 2129 2553 maiores,
2197 2470 2336 2556 ipsa
2378 2471 2643 2555 religi0,
2708 2493 2850 2537 cum
2896 2472 3093 2535 omni-

656 2587 776 2653 bus
844 2589 1234 2674 reipublicae
1301 2587 1807 2651 institutionibus
1861 2588 2196 2652 coniuncta
2240 2593 2305 2652 et
2351 2587 2738 2653 Graecorum
2785 2593 3093 2676 φαντασία

656 2728 912 2794 prorsus
983 2706 1330 2789 destituta,
1400 2706 1723 2770 clarorum.
1782 2706 1975 2769 etiam
2036 2710 2102 2769 et
2154 2706 2543 2770 eruditorum
2587 2706 2915 2771 hominum
2960 2707 3093 2771 ani-

659 2847 796 2889 mos
842 2825 933 2889 ita
979 2824 1482 2907 obstringerent,
1531 2829 1604 2886 ut
1646 2822 1760 2886 vix
1806 2821 1886 2885 ad
1932 2822 2195 2886 liberam
2241 2843 2454 2886 rerum
2498 2824 3094 2909 contemplationem

659 2964 726 3007 se
773 2942 1082 3006 extollere
1130 2939 1461 3005 auderent.
1554 2939 1658 3004 Sic
1704 2939 1864 3004 Cato
1908 2940 2017 3003 ille
2064 2940 2385 3005 censorius
2431 2942 2675 3005 censuit
2720 2941 2912 3005 trium
2956 2940 3093 3003 illo-

655 3081 798 3123 rum
875 3058 1265 3124 Graecorum
1340 3056 1861 3143 philosophorum
1931 3058 2318 3142 legationem
2393 3057 2836 3122 dimittendam
2913 3078 3092 3140 esse,

661 3175 1000 3262 „quoniam
1044 3175 1154 3239 illo
1199 3174 1336 3238 viro
1384 3173 1754 3258 (Carneade)
1802 3180 2289 3258 argumentante
2335 3173 2487 3261 quid
2528 3174 2668 3237 veri
2712 3180 2878 3238 esset
2923 3171 3095 3237 haud

662 3292 883 3376 „facile
951 3291 1225 3356 discerni
1292 3292 1545 3376 posset’'
1579 3295 1638 3373 7).
1731 3290 1893 3355 Cum
1960 3296 2175 3355 autem
2248 3290 2684 3354 Romanorum
2754 3288 3094 3375 imperium

655 3408 788 3474 fere
856 3416 1062 3474 totum
1129 3408 1346 3473 orbem
1413 3414 1727 3473 terrarum
1797 3408 2323 3493 complecteretur
2382 3412 2447 3472 et
2493 3407 2774 3490 divitiis,
2843 3412 3096 3493 praeter

654 3526 914 3591 modum
981 3525 1218 3608 auctiS,
1290 3526 1546 3590 luxuria
1613 3531 1679 3590 et
1744 3526 2039 3610 voluptas
2084 3524 2407 3611 antiquam
2452 3523 2829 3608 religionem
2876 3522 3096 3586 debili-

721 3786 762 3851 l)
829 3785 980 3835 Acad.
1017 3785 1060 3834 Ι.
1097 3787 1125 3835 3
1146 3821 1160 3846 ,
1197 3788 1244 3834 6.

719 3879 764 3943 ²)
831 3878 992 3943 Epist.
1027 3879 1071 3929 Ι.
1109 3882 1132 3927 1
1157 3915 1170 3940 ,
1214 3862 1290 3927 13.

720 3976 760 4041 8)
829 3974 988 4038 Epist.
1025 3974 1069 4024 1.
1106 3977 1167 4035 4,
1209 3976 1282 4022 15.
1351 3972 1453 4023 Sat.
1491 3973 1534 4022 Ι.
1570 3975 1634 4034 5,
1673 3976 1781 4023 101.
1850 3976 1917 4035 6,
1956 3976 2063 4023 129.

722 4070 764 4135 ⁴)
837 4068 938 4119 Cic.
972 4068 1033 4118 de
1068 4066 1180 4117 Fin.
1215 4066 1293 4128 V,
1333 4071 1387 4128 1,
1425 4070 1468 4116 3.
1537 4067 1694 4131 Legg.
1729 4067 1771 4117 Ι.
1810 4069 1870 4127 7,
1908 4070 1985 4117 21.

721 4164 760 4224 ⁵)
828 4164 1010 4227 Nepos.
1044 4163 1149 4221 Att.
1188 4166 1262 4212 12.
1331 4162 1433 4212 Cic.
1467 4162 1532 4211 ad
1563 4163 1668 4211 Att.
1706 4161 1797 4212 IV.
1834 4165 1892 4222 6,
1929 4165 1975 4211 8.

721 4258 762 4324 ⁰)
833 4258 1002 4309 Cicero
1032 4263 1198 4309 tamen
1231 4257 1367 4307 aliud
1400 4258 1580 4308 sentire
1614 4258 1812 4307 videtur
1844 4257 2084 4307 scribens:
2136 4254 2438 4319 „sapientiae
2472 4255 2691 4307 studium
2722 4259 2868 4305 vetus
2898 4253 2952 4303 id
2983 4252 3096 4318 qui-

656 4354 769 4403 dem
812 4352 866 4401 in
897 4352 1130 4403 nostris’'.
1200 4352 1346 4402 Tusc.
1396 4352 1486 4403 IV.
1541 4356 1586 4401 3.
1638 4352 1702 4402 cf.
1738 4352 1781 4402 Ι.
1821 4355 1864 4400 1.
1930 4351 2064 4413 „Sed
2112 4367 2277 4400 meum
2310 4366 2501 4415 semper
2529 4348 2771 4399 iudicium
2802 4348 2903 4399 fuit
2932 4348 3098 4399 omnia

655 4452 847 4499 nostros
894 4452 983 4497 aut
1029 4446 1277 4498 invenisse
1325 4464 1413 4512 per
1461 4464 1513 4497 se
1557 4447 1831 4511 sapientius
1881 4463 2029 4511 quam
2075 4447 2307 4506 Graecos,
2343 4452 2431 4496 aut
2464 4451 2663 4510 accepta
2694 4424 2769 4494 ab‘
2788 4444 2890 4495 illis
2922 4443 3097 4494 fecisse

656 4541 909 4592 meliora”.
958 4544 1018 4593 dc
1071 4543 1206 4593 Orat.
1255 4542 1299 4592 1.
1336 4547 1364 4592 4
1385 4579 1398 4604 ,
1454 4545 1528 4592 15.
1596 4541 1733 4592 Huic
1767 4542 1988 4607 opinioni
2020 4556 2293 4607 repugnare
2325 4540 2523 4592 videtur
2550 4538 2639 4589 ina
2673 4538 2819 4589 Tusc.
2855 4539 2900 4589 Ι.
2934 4542 2997 4600 3,
3033 4542 3092 4588 6:

655 4636 1007 4702 „Philosophia
1038 4636 1193 4687 iacuit
1224 4653 1380 4702 usque
1412 4639 1474 4688 ad
1503 4638 1634 4687 hanc
1667 4637 1930 4689 aetatem”.

719 4732 761 4797 ⁷)
830 4732 959 4783 Plin.
993 4732 1059 4782 N.
1096 4732 1164 4782 Η.
1199 4731 1322 4783 VII.
1358 4736 1437 4782 30.
