3529 5359
1784 355 1867 418 70

597 559 976 644 animaeque
1021 563 1337 644 potestate
1369 555 1426 640 ¹).
1473 555 1770 642 Denique
1814 556 1869 621 si
1911 562 2194 621 mentem
2240 555 2438 620 solam
2481 560 2807 640 totamque
2850 573 2933 616 ex
2964 573 3044 616 ea

601 681 830 763 quarta
895 682 1078 762 parte
1123 683 1412 741 constare
1458 676 1761 739 voluisset
1806 680 1997 761 poeta
2021 724 2038 757 ,
2106 694 2296 760 saepe
2344 672 2781 758 opportunitas
2824 670 3045 734 fuisset

601 793 814 858 oblata
869 792 1035 858 hanc
1099 791 1581 875 „identitatem”
1643 791 2045 877 exprimendi
2090 797 2156 855 et
2201 791 2458 856 omnino
2503 790 2761 854 brevius
2806 788 3043 874 potuis-

601 889 708 974 set*
743 910 956 975 omnia
999 911 1343 996 explicare.
1435 910 1755 974 Malumus
1801 930 1953 994 ergo
1998 909 2077 973 iis
2122 909 2315 973 fidem
2359 907 2629 990 habere,
2676 907 2785 992 qui
2815 910 3045 991 putant

569 1028 893 1092 'intimam
957 1028 1191 1092 mentis
1236 1033 1482 1114 partem
1530 1048 1565 1091 e
1611 1032 1839 1113 quarta
1880 1027 2154 1090 nominis
2198 1025 2449 1112 experti
2492 1030 2674 1110 parte
2721 1029 3005 1088 constare
3025 1070 3042 1104 ,

600 1166 746 1209 cum
792 1150 1042 1210 ceterae
1087 1121 1218 1210 tres
1262 1146 1330 1208 in
1373 1144 1658 1209 animum
1704 1151 1770 1208 et
1816 1144 2093 1208 animam
2140 1143 2266 1208 sint
2311 1143 2569 1207 divisae.

651 1263 979 1349 ,Denique
1046 1262 1682 1328 animadvertendum
1749 1283 1887 1327 esse
1944 1283 2275 1348 censemus
2334 1260 2708 1325 Lucretium
2752 1280 2881 1322 non
2925 1257 3046 1321 dis-

601 1401 859 1445 cernere
902 1379 1233 1445 hominum
1279 1386 1344 1445 et
1393 1381 1741 1445 bestiarum
1783 1379 2067 1444 animum
2085 1428 2102 1462 ,
2150 1377 2319 1465 quod
2348 1377 2606 1464 quidem
2637 1377 2718 1441 ad
2750 1381 3046 1462 quattuor

601 1499 714 1562 illa
779 1499 1097 1562 elementa
1162 1499 1461 1584 pertinet.
1551 1497 1857 1562 Animam
1922 1503 2263 1582 utrumque
2332 1495 2569 1560 habere
2630 1493 2877 1558 ostendi
2918 1513 3047 1556 non

603 1636 762 1701 opus
815 1620 943 1678 est:
992 1621 1273 1679 mentem
1329 1616 1463 1680 sive
1510 1615 1793 1679 animum
1837 1614 2059 1678 bestiis
2108 1633 2357 1700 quoque
2404 1613 2598 1677 tribui
2641 1611 2858 1675 videre
2897 1610 3047 1674 licet

603 1752 641 1795 e
686 1753 778 1795 vs.
826 1733 993 1815 295,
1042 1733 1188 1814 299,
1234 1731 1345 1796 ubi
1393 1730 1470 1796 de
1517 1753 1849 1796 cervorum
1879 1738 2077 1794 mente
2108 1751 2314 1794 sermo
2346 1736 2483 1794 est:
2532 1750 2694 1817 quae
2728 1729 2806 1793 de
2838 1729 3047 1793 animo

604 1847 902 1913 dicuntur
993 1870 1138 1913 cum
1226 1850 1294 1914 in
1364 1849 1653 1914 homines
1721 1857 1859 1914 tum
1935 1851 2003 1913 in
2077 1849 2315 1914 bestias
2381 1849 2635 1914 cadunt.
2770 1847 3048 1922 Quartae

601 1965 773 2030 illius
825 1965 1022 2031 animi
1081 1968 1280 2052 partis
1323 1967 1560 2032 bestias
1610 1988 1861 2054 quoque
1916 1967 2259 2054 participes
2304 1988 2441 2031 esse
2486 1988 2571 2030 ex
2616 1987 2693 2030 eo
2737 1965 3050 2051 sequitur,

607 2083 776 2170 quod
820 2083 956 2148 sine
1002 2105 1078 2148 ea
1123 2085 1456 2150 sensiferos
1500 2091 1710 2150 motus
1756 2085 1959 2149 creari
2001 2105 2129 2148 non
2162 2106 2346 2170 posse
2371 2093 2563 2170 poeta
2594 2084 2747 2148 dicit
2776 2106 2867 2147 ve.
2900 2084 3047 2146 240.

602 2201 800 2265 Nulla
867 2221 1018 2285 ergo
1084 2207 1284 2266 restat
1348 2224 1494 2288 pars
1514 2252 1530 2285 ,
1586 2223 1749 2289 quae
1795 2201 2125 2266 hominum
2170 2202 2253 2265 sit
2296 2202 2571 2288 propria.
2663 2199 2791 2265 Sed
2836 2206 3051 2264 tamen

607 2315 902 2403 quodque
947 2316 1185 2381 animal
1229 2339 1406 2382 suam
1451 2317 1687 2383 habere
1733 2324 2027 2383 naturam
2074 2318 2228 2382 dicit
2273 2324 2463 2404 poeta
2489 2368 2505 2401 ,
2550 2318 2718 2381 unde
2766 2317 3052 2403 sequitur

603 2434 936 2498 hominum
1005 2435 1287 2499 animum
1356 2436 1436 2500 ab
1502 2436 1872 2502 animalium
1940 2435 2252 2500 discerni:
2321 2435 2584 2500 fortasse
2651 2441 2865 2499 tamen
2930 2434 3053 2500 hoc

603 2550 944 2617 discrimen
1011 2573 1140 2616 non
1205 2552 1409 2618 maius
1477 2558 1574 2616 est
1639 2574 1830 2639 quam
1897 2553 2065 2617 inter
2131 2554 2327 2618 boves
2387 2559 2452 2617 et
2520 2573 2749 2639 equos,
2820 2558 2891 2616 ut
2932 2551 3052 2616 hoc

605 2669 902 2755 exemplo
946 2674 1110 2733 utar.

692 2785 820 2851 Sed
890 2808 983 2850 vs.
1056 2789 1179 2850 780
1245 2792 1436 2874 poeta
1504 2785 1657 2852 dicit
1709 2786 2000 2852 homines
2058 2808 2315 2874 sapere,
2413 2788 2651 2852 bestias
2718 2787 3005 2874 desipere
3030 2838 3047 2871 ,

610 2903 779 2989 quod
845 2903 1016 2967 idem
1075 2902 1394 2989 Epicurus
1438 2903 1752 2987 affirmat,
1798 2910 2031 2997 putans
2086 2905 2400 2970 rationem
2469 2926 2780 2992 nusquam
2847 2906 3055 2969 inesse

604 3021 730 3085 nisi
795 3020 864 3085 in
931 3020 1206 3086 hominis
1251 3021 1456 3106 figura
1499 3022 1653 3105 (Cic.
1702 3022 1781 3087 de
1826 3027 1956 3086 nat.
2005 3021 2176 3087 deor.
2230 3025 2307 3086 18
2335 3072 2353 3105 ,
2400 3026 2527 3106 46).
2618 3024 2810 3088 Ratio
2854 3024 3058 3108 igitur

608 3137 942 3217 hominum
986 3137 1066 3202 ab
1110 3138 1190 3201 iis
1236 3137 1468 3202 dicitur
1512 3138 1770 3225 propria
1812 3160 1970 3203 esse.
2065 3140 2209 3204 Hoc
2253 3139 2721 3227 Epicureorum
2751 3140 3056 3226 placitum

609 3255 662 3319 si
725 3275 870 3319 cum
913 3254 992 3319 iis
1038 3254 1391 3337 confertur,
1439 3275 1600 3341 quae
1646 3277 1839 3341 supra
1884 3256 2196 3339 diximus,
2242 3277 2409 3322 nova
2455 3258 2655 3321 oritur
2701 3256 3055 3321 difficultas.

609 3373 802 3438 Ratio
873 3374 1044 3437 enim
1089 3373 1223 3437 sive
1268 3374 1342 3438 τὸ
1410 3372 1678 3459 λογικόν
1737 3375 1806 3437 in
1854 3376 2063 3438 animo
2122 3380 2369 3439 constat
2414 3396 2498 3438 ex
2543 3377 3058 3458 ἀκατονομάστου

607 3492 785 3570 τινὸς
853 3491 1212 3567 ποιότητος.
1305 3488 1434 3554 Sed
1501 3491 1853 3554 secundum
1900 3491 2247 3555 Stobaeum
2291 3490 2608 3576 Epicurus
2652 3490 2817 3555 hanc
2860 3490 3060 3554 nomi-

606 3608 708 3671 nis
751 3612 1088 3692 expertem
1119 3613 1367 3692 partem
1397 3610 1515 3683 τὴν
1551 3608 1849 3683 αἴσθησιν
1880 3611 2153 3691 ἐμποιεῖν
2191 3608 2345 3672 dicit
2378 3608 2578 3691 (Stob.
2612 3608 2749 3672 Ecl.
2780 3630 2844 3694 p.
2880 3611 3057 3692 798),

609 3723 781 3810 quod
847 3724 1186 3789 Lucretius
1254 3745 1504 3811 quoque
1571 3724 1783 3789 refert.
1875 3725 1967 3789 At
2036 3726 2089 3788 si
2156 3726 2307 3790 solis
2351 3724 2715 3791 hominibus
2759 3726 3061 3790 tribuitur

613 3847 1038 3927 consequatur
1079 3862 1340 3905 necesse
1387 3848 1485 3905 est
1529 3842 1764 3907 bestias
1810 3844 2107 3920 αἴσθησιν
2152 3864 2281 3906 non
2321 3842 2559 3908 habere
2584 3892 2601 3926 ,
2650 3844 2816 3930 quod
2846 3850 3060 3908 tamen

609 3980 799 4023 nemo
875 3957 1232 4023 affirmabit.
1323 3958 1496 4043 Ergo
1566 3964 1677 4022 aut
1744 3961 1817 4024 τὸ
1880 3960 2147 4046 λογικὸν
2213 3981 2341 4024 non
2402 3967 2649 4025 constat
2709 3982 2793 4025 ex
2837 3966 3062 4047 quarta

608 4076 720 4139 illa
789 4080 1008 4161 parte,
1077 4081 1189 4139 aut
1251 4074 1408 4140 haec
1476 4097 1624 4161 pars
1678 4077 1822 4160 plus
1882 4075 2074 4140 efficit
2119 4099 2309 4163 quam
2354 4080 2469 4154 τὴν
2516 4078 2847 4160 αἴσθησιν,
2894 4077 3062 4163 quod

609 4192 872 4256 fortasse
916 4190 1219 4277 Epicurei
1265 4198 1544 4255 censent.
1617 4192 1955 4255 Lucretius
2001 4200 2214 4256 autem
2261 4214 2388 4256 non
2436 4191 2623 4275 dicit,
2694 4194 2802 4278 qui
2846 4192 2957 4256 fiat
2988 4198 3061 4255 ut

610 4308 900 4373 homines
995 4310 1284 4394 sapiant,
1367 4309 1609 4373 bestiae
1695 4308 2054 4394 desipiant,
2139 4330 2290 4393 ergo
2369 4308 2481 4372 vix
2548 4308 2707 4373 haec
2775 4309 3060 4395 quaestio

612 4427 773 4491 solvi
839 4432 1068 4513 potest.
1131 4464 1214 4473 —-
1279 4426 1447 4491 Satis
1492 4426 1785 4491 videmur
1830 4427 2204 4514 exposuisse
2250 4432 2505 4512 poetam
2550 4449 2589 4491 a
2633 4426 2878 4491 Graeco
2924 4426 3062 4513 phi-

680 4723 721 4789 1>
793 4723 886 4775 279
905 4758 919 4783 ,
955 4722 1063 4775 277.
