3529 5359
1834 418 1919 480 40

679 627 894 686 tamen
937 627 1147 685 motus
1191 621 1390 685 oculis
1434 619 1639 685 videri
1683 642 1812 684 non
1857 627 2155 706 possunt,
2203 621 2502 707 quoniam
2546 621 2725 707 ipsae
2752 623 2947 686 atomi
2982 629 3128 687 sunt

683 740 1040 805 invisibiles
1066 790 1082 823 ,
1165 739 1575 824 „praesertim
1643 760 1789 802 cum
1810 789 1826 820 ,
1926 760 2089 825 quae
2160 741 2477 826 possimus
2545 761 2849 823 cernere,
2921 741 3128 805 celent

682 878 871 944 saepe
916 863 1132 922 tamen
1176 862 1417 938 motus,
1465 855 1668 940 spatio
1715 854 1971 919 diducta
2016 856 2297 920 locorum
2326 857 2360 885 '’
2408 862 2479 920 ut
2531 857 2802 942 „pabula
2846 858 3016 921 laeta
3058 858 3127 922 in

681 975 826 1038 colli
885 973 1220 1038 tondentes
1287 973 1610 1056 lanigerae
1674 971 2017 1057 pecudes'',
2087 993 2251 1057 quae
2272 1021 2288 1054 ,
2352 994 2495 1036 cum
2542 973 2733 1058 longe
2780 975 3081 1038 absumus
3108 1024 3125 1058 ,

680 1093 1037 1156 immobiles
1083 1112 1219 1155 esse
1265 1089 1650 1172 videntur1).
1740 1090 1868 1155 Hic
1916 1089 2386 1154 animadvertas
2432 1091 2808 1155 Lucretium
2868 1113 3126 1178 prorsus

679 1211 974 1294 ignorare
1044 1209 1421 1291 discrimen,
1491 1208 1660 1294 quod
1726 1214 1823 1271 est
1881 1208 2049 1270 inter
2111 1208 2422 1293 quietem,
2471 1229 2633 1295 quae
2692 1209 2923 1273 dicitur
2970 1211 3128 1274 rela-

680 1328 815 1392 tiva
839 1377 855 1410 ,
903 1333 967 1391 et
1029 1327 1424 1408 absolutam,
1493 1325 1664 1412 quod
1725 1325 2064 1389 discrimen
2132 1347 2213 1389 ne
2278 1326 2594 1412 Epicurus
2642 1328 2899 1413 quidem
2944 1349 3127 1392 nosse

681 1444 968 1526 videtur,
1049 1465 1172 1530 quo
1243 1443 1481 1507 factum
1550 1449 1673 1524 est,
1742 1448 1815 1506 ut
1874 1463 2025 1506 suae
2074 1441 2397 1506 doctrinae
2450 1442 2675 1507 falsam
2744 1445 3126 1531 protulerint

681 1563 1298 1648 interpretationem,
1407 1561 1475 1625 Si
1547 1561 1742 1624 atomi
1831 1566 2142 1645 perpetuo
2227 1560 2460 1624 cadunt
2539 1567 2603 1624 et
2673 1561 2827 1625 dum
2897 1563 3132 1626 cadunt

683 1700 936 1762 omnes,
1005 1699 1166 1765 quae
1239 1677 1503 1762 cogitari
1571 1683 1875 1764 possunt,
1950 1677 2223 1741 subeunt
2303 1679 2780 1764 complexiones
2850 1686 2915 1744 et
2986 1702 3130 1744 con-

683 1798 1132 1883 gregationes,
1196 1797 1408 1860 omnia
1452 1818 1614 1883 quae
1659 1796 1953 1860 videmus
2000 1817 2263 1882 corpora
2308 1817 2393 1860 ex
2439 1798 2688 1875 atomis
2712 1806 3129 1883 congregata,

684 1916 867 1980 nobis
928 1937 1055 1979 non
1112 1915 1276 1980 hanc
1323 1915 1402 1978 ob
1449 1935 1585 1978 rem
1631 1915 1958 2000 quiescere
2004 1914 2335 1998 videntur,
2384 1915 2534 2000 quia
2578 1917 2773 1979 atomi
2818 1922 2948 1980 tam
2992 1939 3132 2002 par-

683 2055 803 2099 vae
869 2039 1054 2116 sunt,
1129 2039 1201 2096 ut
1246 2033 1455 2097 visum
1525 2032 1868 2116 effugiant:
1931 2055 2081 2097 nam
2137 2033 2256 2096 etsi
2301 2033 2421 2096 hoc
2466 2054 2690 2097 verum
2737 2040 2831 2098 est
2856 2084 2872 2117 ,
2920 2040 3133 2098 tamen

686 2150 1164 2236 complexiones
1221 2155 1578 2213 atomorum
1644 2148 1899 2213 eosdem
1947 2155 2273 2213 servantes
2320 2156 2572 2231 motus,
2643 2171 2799 2236 quos
2846 2151 3131 2235 singulae

689 2268 919 2350 atomi,
989 2267 1192 2331 videri
1239 2267 1583 2331 deberent:
1655 2266 1767 2330 sed
1812 2267 1961 2353 quia
2007 2268 2219 2332 omnia
2264 2288 2465 2353 aeque
2513 2268 2806 2331 celeriter
2849 2267 2930 2332 ad
2973 2269 3132 2333 line-

688 2408 793 2450 am
841 2384 1115 2467 cadunt,
1162 2384 1326 2448 hanc
1372 2384 1450 2448 ob
1505 2405 1641 2447 rem
1684 2383 1753 2446 hi
1798 2390 2009 2447 motus
2052 2384 2490 2448 tantummodo
2535 2385 2853 2468 videntur,
2900 2386 3008 2472 qui
3054 2387 3132 2450 ab

683 2503 792 2567 illo
854 2489 1173 2567 communi
1217 2507 1395 2564 motu
1439 2500 1772 2564 decedunt.
1822 2502 2169 2566 Praeterea
2212 2502 2317 2566 hic
2362 2503 2701 2566 Lucretius
2748 2503 2855 2588 qui
2882 2553 2897 2584 ,
2945 2508 3133 2567 antea

683 2618 812 2682 iam
885 2617 1047 2681 dixit
1075 2618 1127 2701 2)
1195 2617 1263 2681 in
1307 2616 1554 2681 infinito
1599 2637 1801 2682 vacuo
1847 2639 1976 2682 non
2022 2638 2160 2683 esse
2208 2625 2533 2702 centrum,
2579 2640 2733 2683 num
2777 2619 2843 2682 in
2887 2619 3133 2683 infinito

687 2736 892 2823 spatio
939 2758 1130 2821 supra
1175 2736 1256 2798 sit
1301 2742 1366 2799 et
1408 2734 1608 2817 infra,
1655 2756 1905 2799 sursum
1952 2742 2015 2800 et
2063 2736 2357 2801 deorsum
2388 2743 2452 2801 et
2484 2736 2637 2823 quid
2668 2738 2749 2801 sit
2782 2737 2864 2801 ad
2897 2738 3133 2801 lineam

749 3029 794 3091 1)
858 3026 920 3077 V.
971 3028 1096 3087 315,
1147 3040 1281 3092 seqq.
1324 3025 1392 3074 D.
1437 3024 1496 3075 L.
1539 3026 1625 3086 X,
1669 3028 1766 3075 56:
1815 3028 1929 3077 οὐδ’
1972 3027 2111 3085 ὅπως
2144 3028 2212 3077 ἂν
2252 3024 2447 3093 γίνοιτο
2481 3028 2647 3092 ὁρατὴ
2694 3026 2727 3089 ἡ
2767 3029 2957 3091 ἄτομος
2995 3027 3135 3079 ἔστιν

679 3127 966 3185 ἐπινοῆσαι.

750 3235 793 3295 ²)
855 3235 920 3284 In
951 3234 1052 3285 fine
1083 3232 1200 3284 libri
1232 3234 1276 3286 Ι.

743 3345 784 3409 ³)
855 3344 920 3395 D.
955 3344 1014 3394 L.
1049 3344 1102 3393 X
1118 3380 1132 3405 ‚
1168 3348 1246 3394 60.
1314 3344 1476 3395 Locus
1529 3348 1606 3395 est
1637 3348 1910 3407 corruptus.
1981 3343 2043 3392 In
2088 3341 2253 3393 codice
2304 3341 2537 3392 Leidensi
2569 3342 2811 3407 leguntur
2840 3342 2995 3393 haec:
3054 3344 3141 3394 καὶ

679 3442 781 3505 μὴν
823 3442 906 3489 καὶ
956 3442 1046 3491 τοῦ
1094 3438 1306 3505 ἀπείρου
1355 3442 1420 3498 ὡς
1472 3441 1564 3504 μὲν
1598 3441 1843 3491 ἀνωτάτω
1878 3441 1910 3502 ἢ
1945 3440 2256 3499 κατωτάτω,
2312 3440 2370 3489 οὐ
2407 3439 2477 3489 δεῖ
2513 3443 2851 3505 κατηγορεῖν·
2875 3442 2933 3491 τὸ
2968 3442 3074 3491 ἄνω
3106 3442 3141 3501 ἢ

680 3536 816 3586 κάτω
859 3538 1031 3600 μέντοι
1082 3540 1140 3587 τὸ
1192 3534 1319 3599 ὑπὲρ
1374 3540 1591 3601 κεφαλῆς
1626 3550 1638 3563 ·
1675 3537 1797 3587 ὅθεν
1853 3536 1919 3586 ἄν
1955 3536 2015 3585 τὸ
2050 3536 2141 3599 μὲν
2176 3536 2246 3593 εἰς
2280 3536 2493 3600 ἄπειρον
2533 3536 2675 3602 ἄγειν
2710 3540 2801 3594 ὃν,
2848 3535 2983 3601 ’μηδὲ
3016 3554 3141 3587 ποτε

680 3632 950 3698 φανεῖσθαι
1002 3633 1152 3682 τοῦτο
1197 3630 1345 3696 ἡμῖν·
1379 3634 1411 3693 ἢ
1460 3637 1518 3684 τὸ
1571 3631 1812 3682 ὑποκάτω
1849 3634 1937 3681 τοῦ
1973 3631 2251 3690 νοηθέντος
2286 3631 2356 3689 εἰς
2388 3632 2607 3693 ἄπειρον
2642 3632 2747 3693 ἅμα
2783 3633 2889 3681 ἀνω
2925 3650 2977 3681 τε
3012 3634 3143 3681 εἶναι

681 3730 765 3779 καῖ
817 3729 954 3778 κάτω
1005 3732 1136 3791 πρὸς
1169 3729 1229 3779 τὸ
1264 3730 1425 3779 αὐτό·
1463 3730 1616 3781 τοῦτο
1649 3730 1746 3793 γὰρ
1783 3727 2045 3778 ἀδύνατον
2080 3728 2456 3788 διανοηθῆναι·
2493 3729 2619 3777 ὥστε
2656 3728 2764 3778 ἔστι
2798 3726 2920 3793 μίαν
2954 3728 3142 3791 λαβεῖν

681 3825 844 3888 φορὰν
892 3823 994 3881 τὴν
1041 3822 1149 3872 ἄνω
1195 3821 1477 3887 νοουμένην
1526 3822 1595 3879 εἷς
1639 3824 1855 3885 ἄπειρον
1876 3835 1887 3846 ·
1923 3824 2008 3872 καὶ
2061 3823 2185 3885 μίαν
2220 3823 2319 3881 τὴν
2354 3822 2491 3872 κάτω
2524 3824 2592 3873 ἄν
2625 3824 2709 3873 καὶ
2742 3826 2975 3888 μυριάκις
3009 3824 3143 3887 πρὸς

682 3916 846 3976 πόδας
889 3922 993 3968 τῶν
1025 3916 1200 3968 ἐπάνω
1237 3922 1294 3971 τὸ
1330 3917 1452 3981 παρ’
1492 3916 1632 3981 ἡμῶν
1665 3919 1936 3982 φερόμενον
1972 3918 2093 3975 τοὺς
2131 3916 2259 3975 ὑπὲρ
2295 3920 2516 3983 κεφαλῆς
2544 3919 2683 3982 ἡμῶν
2706 3920 2897 3976 τόπους
2935 3920 3144 3984 ἀφικνῆ-

686 4029 802 4072 ται,
839 4013 871 4074 ἢ
906 4012 992 4062 ἐπὶ
1038 4015 1136 4072 τὴν
1178 4014 1403 4077 κεφαλὴν
1437 4017 1540 4062 τῶν
1577 4010 1678 4064 ὑπὸ
1713 4013 1851 4061 κάτω
1888 4016 1946 4064 τὸ
1984 4016 2107 4076 παρ’
2148 4012 2287 4076 ἡμῶν
2324 4015 2461 4063 κάτω
2505 4018 2807 4079 φερόμενον·
2849 4014 2878 4074 ἠ
2912 4018 3010 4081 γὰρ
3044 4016 3141 4075 ὅλη

684 4109 846 4172 φορὰ,
902 4108 1055 4157 οὐθὲν
1105 4104 1266 4167 ἦττον
1315 4106 1524 4171 ἑκατέρα
1579 4108 1901 4170 ἀντικειμένη
1951 4107 2031 4157 ἐπ’
2062 4110 2071 4162 ’,’
2102 4110 2313 4173 ἄπειρον
2346 4112 2553 4160 νοεῖται.
2622 4107 2802 4158 Paucis
2834 4109 3039 4159 mutatis
3072 4108 3144 4159 sic

687 4199 949 4265 opinamur
979 4202 1245 4265 legendum
1279 4216 1414 4250 esse:
1453 4204 1534 4251 καὶ
1567 4203 1669 4263 μὴν
1710 4204 1844 4251 κατὰ.
1889 4204 1978 4251 τοῦ
2014 4203 2226 4267 ἀπείρου
2267 4204 2332 4259 ὡς
2372 4206 2461 4267 μὲν
2498 4204 2745 4254 ἀνωτάτω
2786 4205 2817 4265 ἣ
2864 4205 3142 4254 κατωτάτω

685 4300 746 4347 οὐ
803 4297 876 4346 δεῖ
915 4301 1218 4361 κατηγορεῖν
1260 4301 1316 4349 τὸ
1365 4298 1470 4346 ἄνω
1504 4298 1536 4358 ἦ
1579 4300 1716 4347 κάτω
1790 4298 1871 4363 (de
1921 4296 2119 4347 infinito
2168 4296 2440 4361 praedicari
2488 4303 2651 4362 potest
2680 4298 2736 4348 in
2767 4314 2825 4349 eo
2858 4315 2963 4349 esse
2996 4315 3147 4363 supra

687 4396 738 4440 et
781 4390 944 4449 infra,
979 4406 1081 4489 npn
1115 4395 1283 4439 tamen
1317 4406 1604 4453 supremum
1638 4396 1688 4441 et
1719 4390 1965 4450 infimum)
2004 4405 2014 4417 ·
2046 4394 2190 4455 ἴσμεν
2234 4410 2310 4441 τοι
2354 4396 2412 4444 τὸ
2452 4391 2580 4456 ὑπὲρ
2620 4396 2861 4458 κεφαλῆς,
2905 4396 3027 4445 ὅθεν
3075 4396 3145 4445 ἂν

687 4490 898 4550 στῶμεν.
941 4487 1010 4545 εἰς
1054 4486 1267 4551 ἄπειρον
1291 4486 1436 4552 ἄγειν
1478 4488 1583 4537 ἄνω
1605 4524 1616 4544 ,
1660 4486 1781 4549 μηδὲ
1817 4506 1940 4537 ποτε
1969 4489 2239 4553 φανεῖσθαι
2262 4492 2320 4539 τὸ
2363 4488 2609 4538 ἀνωτάτω
2634 4490 2767 4551 ἡμῖν,
2792 4488 2913 4553 μηδὲ
2930 4490 3146 4551 νοητέον

687 4582 746 4631 τὸ
783 4580 1026 4631 ὑποκάτω
1069 4583 1160 4631 τοῦ
1200 4581 1481 4641 νοηθέντος
1520 4582 1588 4640 εἰς
1627 4584 1842 4645 ἄπειρον
1884 4584 1987 4645 ἅμα
2026 4584 2132 4633 ἄνω
2173 4602 2225 4632 τε
2268 4586 2395 4633 εἶναι
2435 4585 2519 4633 καὶ
2558 4586 2694 4634 κάτω
2740 4590 2871 4649 πρὸς
2896 4590 2955 4637 τὸ
2980 4587 3142 4637 αὑτό·

686 4678 838 4727 τοῦτο
875 4678 972 4742 γὰρ
1035 4675 1300 4725 ἀδύνατον
1349 4676 1688 4737 διανοηθῆναι
1739 4674 1920 4740 (priore
1969 4680 2111 4739 parte
2155 4676 2313 4741 igitur
2360 4676 2481 4726 dicit
2531 4693 2818 4741 supremum
2872 4695 2973 4729 non
3006 4695 3142 4740 esse,

691 4772 824 4835 quod
856 4770 989 4821 idem
1021 4772 1080 4821 de
1113 4770 1285 4821 infimo
1317 4771 1483 4821 valet:
1523 4771 1677 4821 altera
1709 4787 1843 4832 ver0,
1882 4772 2017 4836 quod
2050 4771 2181 4821 infra
2214 4774 2279 4823 sit
2310 4789 2412 4823 non
2444 4772 2594 4822 simul
2625 4773 2724 4824 dici
2755 4790 2898 4838 posse
2918 4780 2971 4825 et
2995 4790 3147 4839 supra
