3529 5359
1303 1071 1851 1166 CAPUT
1923 1073 2580 1170 PRIMUM.

1808 1339 2075 1348 -—-———-·

1621 1525 1749 1585 DE
1820 1525 2277 1588 ΑΤΟΜΙΒ.

1691 1715 1908 1798 (Lacr.
1954 1713 2064 1778 lib.
2112 1715 2193 1798 Ι).

814 1919 1127 1994 Quoniam
1170 1921 1236 1984 in
1284 1941 1352 1984 se
1397 1927 1493 1986 est
1535 1920 1896 1985 absolutum
1941 1920 2226 1985 Lucretii
2271 1941 2462 2006 opus,
2510 1921 2707 2006 ipsius
2750 1943 2963 1986 rerum
2993 1927 3152 1986 trac-

727 2037 1061 2102 tandarum
1106 2037 1258 2103 ordo
1304 2039 1649 2104 servandus
1696 2060 1835 2104 esse
1881 2039 2059 2104 nobis
2104 2039 2276 2103 visus
2320 2044 2457 2103 est:
2525 2060 2917 2124 exponemus
2960 2040 3153 2124 igitur

728 2152 1076 2219 doctrinam
1126 2154 1184 2217 1⁰
1213 2155 1290 2218 de
1323 2156 1548 2219 atomis
1571 2205 1588 2238 ,
1636 2157 1700 2219 2⁰
1729 2155 1809 2220 de
1839 2155 2060 2219 mundi
2093 2175 2177 2218 ex
2208 2155 2437 2219 atomis
2468 2161 2614 2219 ortu
2638 2205 2654 2237 ,
2704 2158 2766 2219 3⁰
2799 2155 2877 2218 de
2908 2155 3150 2237 animo,

728 2271 791 2334 4⁰
857 2269 936 2335 de
1002 2271 1350 2336 simulacris
1418 2278 1484 2336 et
1534 2273 1776 2357 logica,
1846 2275 1913 2338 5⁰
1963 2265 2039 2337 de
2084 2273 2382 2336 meteoris
2427 2277 2492 2336 et
2539 2273 2600 2336 6⁰
2643 2271 2721 2336 de
2767 2272 2845 2335 iis
2889 2278 3152 2336 naturae

726 2387 1221 2473 phaenomenis,
1277 2410 1439 2476 quae
1511 2391 1578 2454 in
1624 2391 1785 2455 libro
1853 2396 2035 2455 sexto
2099 2396 2493 2472 tractantur,
2564 2389 2791 2454 deinde
2852 2389 3153 2454 moralem

726 2505 861 2570 eius
928 2505 1311 2589 doctrinam,
1380 2528 1495 2593 per
1546 2513 1752 2573 totum
1799 2530 1958 2594 opus
2004 2509 2390 2594 dispersam,
2447 2529 2591 2573 cum
2635 2506 2898 2593 Epicuri
2944 2507 3152 2572 ethice

724 2622 1272 2709 comparabimus,
1322 2644 1443 2711 quo
1489 2625 1653 2689 facto
1700 2623 1780 2689 de
1824 2645 2001 2689 nexu
2031 2626 2311 2689 omnium
2342 2624 2762 2711 placitorum,
2819 2624 2895 2689 de
2928 2629 3151 2710 poetae

723 2745 791 2803 et
858 2739 1217 2826 philosophi
1275 2742 1520 2806 meritis
1565 2742 1632 2805 in
1675 2742 1901 2807 ultima
1956 2743 2103 2807 libri
2146 2749 2327 2829 parte
2374 2744 2724 2830 loquemur.
2816 2743 3152 2825 Omnibus,

723 2877 888 2942 quae
933 2877 1018 2921 ex
1063 2857 1326 2943 Epicuri
1372 2857 1622 2943 scriptis
1667 2858 1965 2943 colligere
1996 2859 2315 2945 potuimus
2344 2858 2607 2924 adiectis
2644 2858 2796 2924 locis
2828 2879 3152 2945 quousque

724 2972 1009 3039 Lucretii
1070 2995 1215 3039 cum
1261 2974 1493 3040 Graeci
1540 2974 1905 3061 philosophi
1953 2975 2239 3040 doctrina
2282 2980 2624 3061 congruat,
2693 2975 2975 3062 patebit:
3043 2974 3153 3039 ubi

722 3090 890 3155 inter
934 3112 1001 3156 se
1048 3092 1347 3157 differunt
1390 3092 1665 3179 amplius
1709 3114 1812 3157 res
1856 3092 2188 3158 tractanda
2233 3094 2372 3158 erit.

808 3208 997 3273 Hanc
1041 3210 1350 3275 rationem
1396 3216 1614 3275 autem
1657 3212 1954 3297 viamque
1998 3213 2066 3275 in
2109 3211 2265 3276 locis
2308 3210 2642 3276 laudandis
2683 3212 2884 3276 secuti
2916 3233 3149 3276 sumus.

724 3326 857 3391 Ubi
917 3347 1001 3391 ex
1057 3328 1255 3413 ipsius
1299 3327 1562 3414 Epicuri
1606 3330 1982 3413 fragmentis
2026 3330 2459 3394 testimonium
2504 3329 2730 3394 afferre
2775 3350 2903 3393 non
2947 3329 3152 3416 potui-

722 3465 865 3509 mus
885 3494 901 3527 ,
947 3443 1030 3509 ad
1075 3444 1513 3509 Democritum
1560 3446 1989 3530 confugimus,
2036 3466 2245 3531 quem,
2291 3451 2364 3509 ut
2393 3445 2607 3531 plures
2635 3451 2924 3510 veterum
2962 3447 3153 3532 scrip-

722 3567 930 3626 torum
977 3568 1042 3631 et
1070 3562 1209 3649 ipsa
1237 3563 1567 3649 utriusque
1598 3562 1961 3649 philosophi
1990 3563 2348 3647 fragmenta
2378 3568 2694 3627 testantur
2720 3568 2791 3645 ¹),
2837 3563 3150 3649 Epicurus

723 3686 975 3744 secutus
1035 3685 1150 3744 est.
1239 3680 1604 3766 Leucippus
1671 3688 1888 3745 autem
1950 3686 2014 3745 et
2059 3680 2462 3744 Democritus
2505 3680 2695 3745 unius
2742 3679 3149 3767 eiusdemque

722 3796 1155 3883 philosophiae
1201 3803 1490 3862 auctores
1537 3818 1676 3862 esse
1720 3798 2053 3880 videntur,
2107 3797 2519 3883 quamobrem
2562 3803 2903 3884 utrumque
2928 3848 2945 3881 ,
2992 3805 3149 3863 tam-

722 3936 911 4000 quam
976 3913 1238 4000 Epicuri
1297 3914 1671 4001 exemplar,
1741 3914 2160 3979 laudavimus.
2251 3914 2565 3989 Quoniam
2632 3935 2816 4000 porro
2863 3921 3147 3997 constat,

721 4036 787 4096 et
845 4031 912 4095 in
957 4031 1365 4117 sequentibus
1411 4029 1947 4095 demonstrabitur
1966 4080 1983 4113 ,
2050 4031 2421 4095 Lucretium
2466 4030 2608 4095 illos
2652 4036 2902 4097 veteres
2946 4032 3148 4118 philo-

721 4147 950 4234 sophos
994 4170 1121 4213 non
1164 4148 1395 4233 legisse
1419 4198 1436 4232 ,
1479 4148 1660 4212 nobis
1704 4148 1887 4212 licuit
1914 4198 1929 4232 ,
1976 4148 2146 4212 locos
2176 4168 2260 4211 ex
2290 4168 2510 4212 eorum
2542 4148 2792 4234 scriptis
2821 4155 3105 4233 sumptos
3129 4197 3146 4230 ,

720 4271 1044 4352 tamquam
1089 4288 1128 4329 a
1169 4271 1360 4351 poeta
1405 4286 1488 4329 ex
1531 4264 1795 4351 Epicuri
1841 4264 2093 4351 scriptis
2123 4264 2461 4347 collectos,
2505 4264 2785 4328 laudare.
2862 4264 3148 4329 Similem

721 4382 992 4468 denique
1035 4382 1346 4447 rationem
1391 4382 1570 4468 sequi
1614 4381 1682 4445 in
1725 4381 2076 4445 Aristotele
2119 4380 2435 4446 laudando
2479 4382 2672 4445 licere
2716 4381 2897 4445 nobis
2940 4382 3147 4447 visum

785 4601 820 4660 ¹)
888 4598 1069 4651 Merito
1102 4600 1166 4649 D.
1200 4599 1258 4650 L.
1294 4597 1379 4660 X,
1415 4603 1476 4661 4,
1531 4599 1580 4650 ei
1626 4598 1841 4651 obicitur
1896 4599 2029 4663 quod
2085 4600 2150 4649 τὰ
2184 4599 2499 4664 Δημοκρίτου
2531 4599 2647 4663 περὶ
2691 4602 2797 4649 τῶν
2835 4599 3037 4663 ἀτόμων
3060 4635 3075 4650 .
3096 4634 3109 4649 .
3130 4633 3143 4648 .

718 4698 787 4755 ὥς
830 4694 931 4745 ἴδια
977 4696 1123 4761 λέγει.
