<?xml version="1.0" encoding="UTF-8"?>
<!DOCTYPE html PUBLIC "-//W3C//DTD XHTML 1.0 Transitional//EN"
    "http://www.w3.org/TR/xhtml1/DTD/xhtml1-transitional.dtd">
<html xmlns="http://www.w3.org/1999/xhtml" xml:lang="en" lang="en">
 <head>
  <title>
</title>
<meta http-equiv="Content-Type" content="text/html;charset=utf-8" />
  <meta name='ocr-system' content='tesseract 3.04.00' />
  <meta name='ocr-capabilities' content='ocr_page ocr_carea ocr_par ocr_line ocrx_word'/>
</head>
<body>
  <div class='ocr_page' id='page_1' title='image "./lucretiiphiloso01woltgoog_0139.png"; bbox 0 0 3529 5359; ppageno 0'>
   <div class='ocr_carea' id='block_1_1' title="bbox 405 355 1661 442">
    <p class='ocr_par' dir='ltr' id='par_1_1' title="bbox 405 355 1661 442">
     <span class='ocr_line' id='line_1_1' title="bbox 405 355 1661 442; baseline -0.001 -17"><span class='ocrx_word' id='word_1_1' title='bbox 405 355 425 381; x_wconf 62' lang='lat'><em>³</em></span> <span class='ocrx_word' id='word_1_2' title='bbox 1378 437 1381 442; x_wconf 23' lang='lat'>¹</span> <span class='ocrx_word' id='word_1_3' title='bbox 1540 363 1661 424; x_wconf 83' lang='lat'>127</span> 
     </span>
    </p>
   </div>
   <div class='ocr_carea' id='block_1_2' title="bbox 367 560 2821 2755">
    <p class='ocr_par' dir='ltr' id='par_1_2' title="bbox 367 560 2821 2048">
     <span class='ocr_line' id='line_1_2' title="bbox 369 560 2821 649; baseline 0.002 -25"><span class='ocrx_word' id='word_1_4' title='bbox 369 560 564 625; x_wconf 90' lang='lat' dir='ltr'>huius</span> <span class='ocrx_word' id='word_1_5' title='bbox 629 563 723 626; x_wconf 90' lang='lat' dir='ltr'>rei</span> <span class='ocrx_word' id='word_1_6' title='bbox 791 563 1250 648; x_wconf 82' lang='lat' dir='ltr'>explicationes</span> <span class='ocrx_word' id='word_1_7' title='bbox 1276 612 1292 645; x_wconf 87' lang='lat'>,</span> <span class='ocrx_word' id='word_1_8' title='bbox 1361 583 1524 649; x_wconf 93' lang='lat' dir='ltr'>quae</span> <span class='ocrx_word' id='word_1_9' title='bbox 1592 563 1763 648; x_wconf 90' lang='lat' dir='ltr'>apud</span> <span class='ocrx_word' id='word_1_10' title='bbox 1833 585 1979 628; x_wconf 89' lang='lat' dir='ltr'>eum</span> <span class='ocrx_word' id='word_1_11' title='bbox 2049 563 2454 649; x_wconf 91' lang='lat' dir='ltr'>reperiuntur</span> <span class='ocrx_word' id='word_1_12' title='bbox 2496 565 2556 648; x_wconf 87' lang='lat'>¹).</span> <span class='ocrx_word' id='word_1_13' title='bbox 2646 564 2821 629; x_wconf 83' lang='lat' dir='ltr'><strong>Fieri</strong></span> 
     </span>
     <span class='ocr_line' id='line_1_3' title="bbox 371 680 2820 766; baseline 0.002 -24"><span class='ocrx_word' id='word_1_14' title='bbox 371 685 625 764; x_wconf 88' lang='lat' dir='ltr'>potest,</span> <span class='ocrx_word' id='word_1_15' title='bbox 691 685 766 743; x_wconf 88' lang='lat' dir='ltr'>ut</span> <span class='ocrx_word' id='word_1_16' title='bbox 827 681 920 744; x_wconf 94' lang='lat' dir='ltr'>sol</span> <span class='ocrx_word' id='word_1_17' title='bbox 985 681 1068 744; x_wconf 92' lang='lat' dir='ltr'>sit</span> <span class='ocrx_word' id='word_1_18' title='bbox 1134 680 1273 744; x_wconf 89' lang='lat' dir='ltr'>fons</span> <span class='ocrx_word' id='word_1_19' title='bbox 1340 680 1601 743; x_wconf 91' lang='lat' dir='ltr'>luminis</span> <span class='ocrx_word' id='word_1_20' title='bbox 1661 686 1855 766; x_wconf 89' lang='lat' dir='ltr'>atque</span> <span class='ocrx_word' id='word_1_21' title='bbox 1902 680 2183 762; x_wconf 85' lang='lat' dir='ltr'>ardoris,</span> <span class='ocrx_word' id='word_1_22' title='bbox 2247 681 2340 746; x_wconf 90' lang='lat' dir='ltr'>ita</span> <span class='ocrx_word' id='word_1_23' title='bbox 2381 688 2456 745; x_wconf 87' lang='lat' dir='ltr'>ut</span> <span class='ocrx_word' id='word_1_24' title='bbox 2502 682 2820 748; x_wconf 88' lang='lat' dir='ltr'>elementa</span> 
     </span>
     <span class='ocr_line' id='line_1_4' title="bbox 373 797 2818 864; baseline 0.001 -3"><span class='ocrx_word' id='word_1_25' title='bbox 373 797 598 861; x_wconf 85' lang='lat' dir='ltr'>caloris</span> <span class='ocrx_word' id='word_1_26' title='bbox 675 819 758 860; x_wconf 92' lang='lat' dir='ltr'>ex</span> <span class='ocrx_word' id='word_1_27' title='bbox 831 799 1001 862; x_wconf 90' lang='lat' dir='ltr'>omni</span> <span class='ocrx_word' id='word_1_28' title='bbox 1074 798 1312 862; x_wconf 93' lang='lat' dir='ltr'>mundo</span> <span class='ocrx_word' id='word_1_29' title='bbox 1387 799 1453 861; x_wconf 92' lang='lat' dir='ltr'>in</span> <span class='ocrx_word' id='word_1_30' title='bbox 1533 819 1679 862; x_wconf 91' lang='lat' dir='ltr'>eum</span> <span class='ocrx_word' id='word_1_31' title='bbox 1755 799 2076 862; x_wconf 88' lang='lat' dir='ltr'>confluant</span> <span class='ocrx_word' id='word_1_32' title='bbox 2150 804 2215 862; x_wconf 94' lang='lat' dir='ltr'>et</span> <span class='ocrx_word' id='word_1_33' title='bbox 2292 798 2518 862; x_wconf 90' lang='lat' dir='ltr'>deinde</span> <span class='ocrx_word' id='word_1_34' title='bbox 2591 821 2674 864; x_wconf 92' lang='lat' dir='ltr'>ex</span> <span class='ocrx_word' id='word_1_35' title='bbox 2742 821 2818 864; x_wconf 93' lang='lat' dir='ltr'>eo</span> 
     </span>
     <span class='ocr_line' id='line_1_5' title="bbox 375 914 2818 1003; baseline 0.001 -26"><span class='ocrx_word' id='word_1_36' title='bbox 375 920 710 998; x_wconf 89' lang='lat' dir='ltr'>erumpant</span> <span class='ocrx_word' id='word_1_37' title='bbox 776 921 841 978; x_wconf 93' lang='lat' dir='ltr'>et</span> <span class='ocrx_word' id='word_1_38' title='bbox 909 921 1234 998; x_wconf 85' lang='lat' dir='ltr'>scateant,</span> <span class='ocrx_word' id='word_1_39' title='bbox 1303 936 1431 979; x_wconf 93' lang='lat' dir='ltr'>non</span> <span class='ocrx_word' id='word_1_40' title='bbox 1493 915 1618 980; x_wconf 92' lang='lat' dir='ltr'>alio</span> <span class='ocrx_word' id='word_1_41' title='bbox 1663 914 1851 978; x_wconf 91' lang='lat' dir='ltr'>modo</span> <span class='ocrx_word' id='word_1_42' title='bbox 1896 921 2087 1000; x_wconf 89' lang='lat' dir='ltr'>atque</span> <span class='ocrx_word' id='word_1_43' title='bbox 2140 915 2304 996; x_wconf 87' lang='lat' dir='ltr'>„late</span> <span class='ocrx_word' id='word_1_44' title='bbox 2350 936 2585 1001; x_wconf 87' lang='lat' dir='ltr'>parvus</span> <span class='ocrx_word' id='word_1_45' title='bbox 2631 918 2818 1003; x_wconf 88' lang='lat' dir='ltr'>aquai</span> 
     </span>
     <span class='ocr_line' id='line_1_6' title="bbox 373 1031 2818 1120; baseline 0.003 -28"><span class='ocrx_word' id='word_1_46' title='bbox 373 1037 556 1115; x_wconf 88' lang='lat' dir='ltr'>prata</span> <span class='ocrx_word' id='word_1_47' title='bbox 598 1032 766 1114; x_wconf 89' lang='lat' dir='ltr'>riget</span> <span class='ocrx_word' id='word_1_48' title='bbox 808 1032 948 1096; x_wconf 90' lang='lat' dir='ltr'>fons</span> <span class='ocrx_word' id='word_1_49' title='bbox 979 1033 1150 1096; x_wconf 91' lang='lat' dir='ltr'>inter</span> <span class='ocrx_word' id='word_1_50' title='bbox 1183 1033 1332 1096; x_wconf 91' lang='lat' dir='ltr'>dum</span> <span class='ocrx_word' id='word_1_51' title='bbox 1365 1033 1730 1118; x_wconf 80' lang='lat' dir='ltr'>campisque</span> <span class='ocrx_word' id='word_1_52' title='bbox 1761 1031 2117 1096; x_wconf 90' lang='lat' dir='ltr'>redundet”</span> <span class='ocrx_word' id='word_1_53' title='bbox 2148 1032 2217 1110; x_wconf 80' lang='lat'>²).</span> <span class='ocrx_word' id='word_1_54' title='bbox 2280 1032 2453 1095; x_wconf 89' lang='lat' dir='ltr'>Fieri</span> <span class='ocrx_word' id='word_1_55' title='bbox 2486 1033 2677 1097; x_wconf 88' lang='lat' dir='ltr'>etiam</span> <span class='ocrx_word' id='word_1_56' title='bbox 2707 1057 2818 1120; x_wconf 94' lang='lat' dir='ltr'>po-</span> 
     </span>
     <span class='ocr_line' id='line_1_7' title="bbox 375 1148 2817 1234; baseline 0.002 -24"><span class='ocrx_word' id='word_1_57' title='bbox 375 1154 540 1231; x_wconf 87' lang='lat' dir='ltr'>test,</span> <span class='ocrx_word' id='word_1_58' title='bbox 601 1153 673 1211; x_wconf 90' lang='lat' dir='ltr'>ut</span> <span class='ocrx_word' id='word_1_59' title='bbox 718 1148 902 1212; x_wconf 90' lang='lat' dir='ltr'>ardor</span> <span class='ocrx_word' id='word_1_60' title='bbox 947 1150 1130 1232; x_wconf 77' lang='lat' dir='ltr'>soliS‚</span> <span class='ocrx_word' id='word_1_61' title='bbox 1178 1150 1297 1213; x_wconf 90' lang='lat' dir='ltr'>etsi</span> <span class='ocrx_word' id='word_1_62' title='bbox 1342 1171 1575 1234; x_wconf 83' lang='lat' dir='ltr'>parvus</span> <span class='ocrx_word' id='word_1_63' title='bbox 1608 1148 1724 1234; x_wconf 32' lang='grc'>,1118</span> <span class='ocrx_word' id='word_1_64' title='bbox 1772 1149 1894 1233; x_wconf 86' lang='lat' dir='ltr'>sit,</span> <span class='ocrx_word' id='word_1_65' title='bbox 1940 1154 2155 1212; x_wconf 91' lang='lat' dir='ltr'>tamen</span> <span class='ocrx_word' id='word_1_66' title='bbox 2201 1149 2422 1213; x_wconf 84' lang='lat' dir='ltr'>calidis</span> <span class='ocrx_word' id='word_1_67' title='bbox 2466 1150 2817 1216; x_wconf 83' lang='lat' dir='ltr'>fervoribus</span> 
     </span>
     <span class='ocr_line' id='line_1_8' title="bbox 373 1265 2817 1352; baseline 0.002 -25"><span class='ocrx_word' id='word_1_68' title='bbox 373 1270 578 1328; x_wconf 87' lang='lat' dir='ltr'>totum</span> <span class='ocrx_word' id='word_1_69' title='bbox 623 1265 932 1346; x_wconf 78' lang='lat' dir='ltr'>accendat</span> <span class='ocrx_word' id='word_1_70' title='bbox 977 1272 1191 1330; x_wconf 68' lang='lat' dir='ltr'>aerem</span> <span class='ocrx_word' id='word_1_71' title='bbox 1218 1316 1234 1349; x_wconf 79' lang='lat'>‚</span> <span class='ocrx_word' id='word_1_72' title='bbox 1283 1267 1334 1330; x_wconf 89' lang='lat' dir='ltr'>si</span> <span class='ocrx_word' id='word_1_73' title='bbox 1378 1267 1540 1330; x_wconf 89' lang='lat' dir='ltr'>forte</span> <span class='ocrx_word' id='word_1_74' title='bbox 1587 1266 1854 1330; x_wconf 89' lang='lat' dir='ltr'>idoneus</span> <span class='ocrx_word' id='word_1_75' title='bbox 1901 1272 1995 1329; x_wconf 89' lang='lat' dir='ltr'>est</span> <span class='ocrx_word' id='word_1_76' title='bbox 2041 1287 2149 1330; x_wconf 90' lang='lat' dir='ltr'>aer</span> <span class='ocrx_word' id='word_1_77' title='bbox 2194 1267 2302 1352; x_wconf 90' lang='lat' dir='ltr'>qui</span> <span class='ocrx_word' id='word_1_78' title='bbox 2346 1267 2529 1332; x_wconf 86' lang='lat' dir='ltr'>facile</span> <span class='ocrx_word' id='word_1_79' title='bbox 2574 1269 2817 1333; x_wconf 91' lang='lat' dir='ltr'>inflam-</span> 
     </span>
     <span class='ocr_line' id='line_1_9' title="bbox 373 1383 2817 1470; baseline 0.003 -26"><span class='ocrx_word' id='word_1_80' title='bbox 373 1389 583 1445; x_wconf 91' lang='lat' dir='ltr'>metur</span> <span class='ocrx_word' id='word_1_81' title='bbox 607 1433 623 1465; x_wconf 84' lang='lat'>,</span> <span class='ocrx_word' id='word_1_82' title='bbox 671 1383 896 1446; x_wconf 92' lang='lat' dir='ltr'>eodem</span> <span class='ocrx_word' id='word_1_83' title='bbox 941 1384 1128 1447; x_wconf 91' lang='lat' dir='ltr'>modo</span> <span class='ocrx_word' id='word_1_84' title='bbox 1183 1390 1373 1469; x_wconf 89' lang='lat' dir='ltr'>atque</span> <span class='ocrx_word' id='word_1_85' title='bbox 1427 1383 1631 1466; x_wconf 88' lang='lat' dir='ltr'>„inter</span> <span class='ocrx_word' id='word_1_86' title='bbox 1679 1383 1830 1446; x_wconf 91' lang='lat' dir='ltr'>dum</span> <span class='ocrx_word' id='word_1_87' title='bbox 1876 1388 2127 1466; x_wconf 81' lang='lat' dir='ltr'>segetes</span> <span class='ocrx_word' id='word_1_88' title='bbox 2176 1384 2597 1470; x_wconf 82' lang='lat' dir='ltr'>stipulamque</span> <span class='ocrx_word' id='word_1_89' title='bbox 2644 1387 2817 1451; x_wconf 90' lang='lat' dir='ltr'>vide-</span> 
     </span>
     <span class='ocr_line' id='line_1_10' title="bbox 373 1500 2817 1589; baseline 0.003 -27"><span class='ocrx_word' id='word_1_90' title='bbox 373 1521 514 1562; x_wconf 91' lang='lat' dir='ltr'>mus</span> <span class='ocrx_word' id='word_1_91' title='bbox 581 1501 868 1566; x_wconf 88' lang='lat' dir='ltr'>accidere</span> <span class='ocrx_word' id='word_1_92' title='bbox 930 1523 1014 1565; x_wconf 90' lang='lat' dir='ltr'>ex</span> <span class='ocrx_word' id='word_1_93' title='bbox 1079 1523 1208 1565; x_wconf 92' lang='lat' dir='ltr'>una</span> <span class='ocrx_word' id='word_1_94' title='bbox 1277 1501 1550 1565; x_wconf 92' lang='lat' dir='ltr'>scintilla</span> <span class='ocrx_word' id='word_1_95' title='bbox 1607 1500 1903 1565; x_wconf 90' lang='lat' dir='ltr'>incendia</span> <span class='ocrx_word' id='word_1_96' title='bbox 1947 1501 2246 1585; x_wconf 86' lang='lat' dir='ltr'>passim”.</span> <span class='ocrx_word' id='word_1_97' title='bbox 2340 1501 2632 1589; x_wconf 91' lang='lat' dir='ltr'>Denique</span> <span class='ocrx_word' id='word_1_98' title='bbox 2678 1505 2817 1569; x_wconf 90' lang='lat' dir='ltr'>fieri</span> 
     </span>
     <span class='ocr_line' id='line_1_11' title="bbox 372 1617 2817 1706; baseline 0.003 -27"><span class='ocrx_word' id='word_1_99' title='bbox 372 1622 580 1700; x_wconf 92' lang='lat' dir='ltr'>potest</span> <span class='ocrx_word' id='word_1_100' title='bbox 645 1624 717 1681; x_wconf 92' lang='lat' dir='ltr'>ut</span> <span class='ocrx_word' id='word_1_101' title='bbox 784 1619 877 1682; x_wconf 95' lang='lat' dir='ltr'>sol</span> <span class='ocrx_word' id='word_1_102' title='bbox 939 1618 1176 1682; x_wconf 90' lang='lat' dir='ltr'>circum</span> <span class='ocrx_word' id='word_1_103' title='bbox 1222 1639 1288 1681; x_wconf 91' lang='lat' dir='ltr'>se</span> <span class='ocrx_word' id='word_1_104' title='bbox 1334 1617 1566 1682; x_wconf 88' lang='lat' dir='ltr'>habeat</span> <span class='ocrx_word' id='word_1_105' title='bbox 1610 1618 1885 1681; x_wconf 91' lang='lat' dir='ltr'>multum</span> <span class='ocrx_word' id='word_1_106' title='bbox 1934 1618 2206 1681; x_wconf 90' lang='lat' dir='ltr'>calorem</span> <span class='ocrx_word' id='word_1_107' title='bbox 2233 1668 2249 1701; x_wconf 80' lang='lat'>‚</span> <span class='ocrx_word' id='word_1_108' title='bbox 2325 1621 2534 1700; x_wconf 87' lang='lat' dir='ltr'>„nullo</span> <span class='ocrx_word' id='word_1_109' title='bbox 2582 1622 2689 1706; x_wconf 90' lang='lat' dir='ltr'>qui</span> <span class='ocrx_word' id='word_1_110' title='bbox 2736 1623 2817 1686; x_wconf 90' lang='lat' dir='ltr'>sit</span> 
     </span>
     <span class='ocr_line' id='line_1_12' title="bbox 372 1732 2815 1819; baseline 0.003 -23"><span class='ocrx_word' id='word_1_111' title='bbox 372 1732 619 1817; x_wconf 82' lang='lat' dir='ltr'>fulgore</span> <span class='ocrx_word' id='word_1_112' title='bbox 685 1736 1005 1817; x_wconf 86' lang='lat' dir='ltr'>notatus”,</span> <span class='ocrx_word' id='word_1_113' title='bbox 1074 1735 1166 1800; x_wconf 92' lang='lat' dir='ltr'>ita</span> <span class='ocrx_word' id='word_1_114' title='bbox 1224 1740 1296 1798; x_wconf 93' lang='lat' dir='ltr'>ut</span> <span class='ocrx_word' id='word_1_115' title='bbox 1340 1756 1469 1798; x_wconf 95' lang='lat' dir='ltr'>non</span> <span class='ocrx_word' id='word_1_116' title='bbox 1513 1734 1715 1798; x_wconf 81' lang='lat' dir='ltr'>videri</span> <span class='ocrx_word' id='word_1_117' title='bbox 1761 1735 1959 1819; x_wconf 87' lang='lat' dir='ltr'>possit</span> <span class='ocrx_word' id='word_1_118' title='bbox 2006 1741 2070 1797; x_wconf 90' lang='lat' dir='ltr'>et</span> <span class='ocrx_word' id='word_1_119' title='bbox 2114 1734 2278 1799; x_wconf 92' lang='lat' dir='ltr'>hanc</span> <span class='ocrx_word' id='word_1_120' title='bbox 2325 1737 2404 1800; x_wconf 93' lang='lat' dir='ltr'>ob</span> <span class='ocrx_word' id='word_1_121' title='bbox 2448 1759 2584 1801; x_wconf 91' lang='lat' dir='ltr'>rem</span> <span class='ocrx_word' id='word_1_122' title='bbox 2630 1741 2815 1803; x_wconf 88' lang='lat' dir='ltr'>aesti-</span> 
     </span>
     <span class='ocr_line' id='line_1_13' title="bbox 371 1852 2812 1936; baseline 0.002 -21"><span class='ocrx_word' id='word_1_123' title='bbox 371 1852 579 1916; x_wconf 88' lang='lat' dir='ltr'>ferum</span> <span class='ocrx_word' id='word_1_124' title='bbox 667 1853 864 1917; x_wconf 91' lang='lat' dir='ltr'>ictum</span> <span class='ocrx_word' id='word_1_125' title='bbox 931 1853 1252 1917; x_wconf 90' lang='lat' dir='ltr'>radiorum</span> <span class='ocrx_word' id='word_1_126' title='bbox 1312 1852 1749 1916; x_wconf 90' lang='lat' dir='ltr'>tantummodo</span> <span class='ocrx_word' id='word_1_127' title='bbox 1822 1858 2181 1936; x_wconf 84' lang='lat' dir='ltr'>exaugeat,</span> <span class='ocrx_word' id='word_1_128' title='bbox 2252 1875 2379 1917; x_wconf 92' lang='lat' dir='ltr'>non</span> <span class='ocrx_word' id='word_1_129' title='bbox 2447 1855 2664 1920; x_wconf 91' lang='lat' dir='ltr'>lumen</span> <span class='ocrx_word' id='word_1_130' title='bbox 2734 1859 2812 1921; x_wconf 88' lang='lat' dir='ltr'>si-</span> 
     </span>
     <span class='ocr_line' id='line_1_14' title="bbox 367 1971 696 2048; baseline 0.003 -15"><span class='ocrx_word' id='word_1_131' title='bbox 367 1971 508 2034; x_wconf 89' lang='lat' dir='ltr'>mul</span> <span class='ocrx_word' id='word_1_132' title='bbox 533 1975 603 2048; x_wconf 84' lang='grc'>3).</span> <span class='ocrx_word' id='word_1_133' title='bbox 691 2009 696 2023; x_wconf 84' lang='lat'><strong>·</strong></span> 
     </span>
    </p>

    <p class='ocr_par' dir='ltr' id='par_1_3' title="bbox 369 2086 2817 2755">
     <span class='ocr_line' id='line_1_15' title="bbox 461 2086 2815 2173; baseline 0.003 -23"><span class='ocrx_word' id='word_1_134' title='bbox 461 2086 556 2150; x_wconf 85' lang='lat' dir='ltr'>Ut</span> <span class='ocrx_word' id='word_1_135' title='bbox 620 2087 689 2150; x_wconf 93' lang='lat' dir='ltr'>in</span> <span class='ocrx_word' id='word_1_136' title='bbox 747 2087 1037 2151; x_wconf 91' lang='lat' dir='ltr'>omnibus</span> <span class='ocrx_word' id='word_1_137' title='bbox 1079 2086 1443 2151; x_wconf 88' lang='lat' dir='ltr'>huiusmodi</span> <span class='ocrx_word' id='word_1_138' title='bbox 1488 2087 1963 2173; x_wconf 87' lang='lat' dir='ltr'>quaestionibus</span> <span class='ocrx_word' id='word_1_139' title='bbox 1989 2137 2005 2170; x_wconf 80' lang='lat'>‚</span> <span class='ocrx_word' id='word_1_140' title='bbox 2072 2109 2200 2151; x_wconf 91' lang='lat' dir='ltr'>non</span> <span class='ocrx_word' id='word_1_141' title='bbox 2243 2109 2577 2173; x_wconf 91' lang='lat' dir='ltr'>possumus</span> <span class='ocrx_word' id='word_1_142' title='bbox 2622 2111 2815 2156; x_wconf 91' lang='lat' dir='ltr'>unam</span> 
     </span>
     <span class='ocr_line' id='line_1_16' title="bbox 372 2203 2816 2292; baseline 0.003 -26"><span class='ocrx_word' id='word_1_143' title='bbox 372 2203 851 2290; x_wconf 88' lang='lat' dir='ltr'>simplicemque</span> <span class='ocrx_word' id='word_1_144' title='bbox 913 2205 1138 2270; x_wconf 87' lang='lat' dir='ltr'>afferre</span> <span class='ocrx_word' id='word_1_145' title='bbox 1197 2227 1492 2288; x_wconf 87' lang='lat' dir='ltr'>causam,</span> <span class='ocrx_word' id='word_1_146' title='bbox 1560 2211 1631 2268; x_wconf 90' lang='lat' dir='ltr'>ut</span> <span class='ocrx_word' id='word_1_147' title='bbox 1677 2205 2113 2290; x_wconf 87' lang='lat' dir='ltr'>explicemus,</span> <span class='ocrx_word' id='word_1_148' title='bbox 2189 2226 2351 2291; x_wconf 88' lang='lat' dir='ltr'>„quo</span> <span class='ocrx_word' id='word_1_149' title='bbox 2396 2213 2582 2292; x_wconf 92' lang='lat' dir='ltr'>pacto</span> <span class='ocrx_word' id='word_1_150' title='bbox 2627 2210 2816 2273; x_wconf 90' lang='lat' dir='ltr'>aesti-</span> 
     </span>
     <span class='ocr_line' id='line_1_17' title="bbox 369 2319 2814 2409; baseline 0.002 -26"><span class='ocrx_word' id='word_1_151' title='bbox 369 2319 470 2383; x_wconf 82' lang='lat' dir='ltr'>vis</span> <span class='ocrx_word' id='word_1_152' title='bbox 537 2341 572 2384; x_wconf 94' lang='lat' dir='ltr'>e</span> <span class='ocrx_word' id='word_1_153' title='bbox 645 2321 932 2406; x_wconf 91' lang='lat' dir='ltr'>partibus</span> <span class='ocrx_word' id='word_1_154' title='bbox 1014 2321 1404 2404; x_wconf 83' lang='lat' dir='ltr'>aegocerotis</span> <span class='ocrx_word' id='word_1_155' title='bbox 1483 2321 1789 2385; x_wconf 90' lang='lat' dir='ltr'>brumalis</span> <span class='ocrx_word' id='word_1_156' title='bbox 1864 2321 2053 2385; x_wconf 88' lang='lat' dir='ltr'>adeat</span> <span class='ocrx_word' id='word_1_157' title='bbox 2120 2322 2326 2386; x_wconf 89' lang='lat' dir='ltr'>flexus</span> <span class='ocrx_word' id='word_1_158' title='bbox 2401 2328 2589 2409; x_wconf 87' lang='lat' dir='ltr'>atque</span> <span class='ocrx_word' id='word_1_159' title='bbox 2665 2325 2814 2390; x_wconf 92' lang='lat' dir='ltr'>inde</span> 
     </span>
     <span class='ocr_line' id='line_1_18' title="bbox 369 2437 2815 2525; baseline 0.003 -27"><span class='ocrx_word' id='word_1_160' title='bbox 369 2441 697 2500; x_wconf 86' lang='lat' dir='ltr'>revertens</span> <span class='ocrx_word' id='word_1_161' title='bbox 742 2437 954 2500; x_wconf 89' lang='lat' dir='ltr'>cancri</span> <span class='ocrx_word' id='word_1_162' title='bbox 998 2458 1064 2501; x_wconf 94' lang='lat' dir='ltr'>se</span> <span class='ocrx_word' id='word_1_163' title='bbox 1111 2442 1182 2500; x_wconf 91' lang='lat' dir='ltr'>ut</span> <span class='ocrx_word' id='word_1_164' title='bbox 1225 2442 1436 2500; x_wconf 88' lang='lat' dir='ltr'>vertat</span> <span class='ocrx_word' id='word_1_165' title='bbox 1481 2444 1682 2502; x_wconf 91' lang='lat' dir='ltr'>metas</span> <span class='ocrx_word' id='word_1_166' title='bbox 1728 2437 1811 2502; x_wconf 92' lang='lat' dir='ltr'>ad</span> <span class='ocrx_word' id='word_1_167' title='bbox 1857 2438 2262 2521; x_wconf 85' lang='lat' dir='ltr'>solstitiales,</span> <span class='ocrx_word' id='word_1_168' title='bbox 2318 2439 2594 2525; x_wconf 90' lang='lat' dir='ltr'>lunaque</span> <span class='ocrx_word' id='word_1_169' title='bbox 2640 2463 2815 2507; x_wconf 91' lang='lat' dir='ltr'>men-</span> 
     </span>
     <span class='ocr_line' id='line_1_19' title="bbox 372 2550 2815 2640; baseline 0.003 -27"><span class='ocrx_word' id='word_1_170' title='bbox 372 2550 546 2614; x_wconf 91' lang='lat' dir='ltr'>sibus</span> <span class='ocrx_word' id='word_1_171' title='bbox 589 2551 657 2614; x_wconf 93' lang='lat' dir='ltr'>id</span> <span class='ocrx_word' id='word_1_172' title='bbox 699 2552 976 2636; x_wconf 89' lang='lat' dir='ltr'>spatium</span> <span class='ocrx_word' id='word_1_173' title='bbox 1020 2552 1315 2616; x_wconf 88' lang='lat' dir='ltr'>videatur</span> <span class='ocrx_word' id='word_1_174' title='bbox 1360 2553 1578 2636; x_wconf 88' lang='lat' dir='ltr'>obire,</span> <span class='ocrx_word' id='word_1_175' title='bbox 1627 2575 1839 2617; x_wconf 89' lang='lat' dir='ltr'>annua</span> <span class='ocrx_word' id='word_1_176' title='bbox 1882 2555 1976 2618; x_wconf 90' lang='lat' dir='ltr'>sol</span> <span class='ocrx_word' id='word_1_177' title='bbox 2020 2554 2086 2616; x_wconf 92' lang='lat' dir='ltr'>in</span> <span class='ocrx_word' id='word_1_178' title='bbox 2132 2575 2255 2640; x_wconf 92' lang='lat' dir='ltr'>quo</span> <span class='ocrx_word' id='word_1_179' title='bbox 2302 2557 2613 2620; x_wconf 90' lang='lat' dir='ltr'>consumit</span> <span class='ocrx_word' id='word_1_180' title='bbox 2656 2564 2815 2622; x_wconf 91' lang='lat' dir='ltr'>tem-</span> 
     </span>
     <span class='ocr_line' id='line_1_20' title="bbox 371 2670 2817 2755; baseline 0.003 -23"><span class='ocrx_word' id='word_1_181' title='bbox 371 2689 527 2754; x_wconf 89' lang='lat' dir='ltr'>pora</span> <span class='ocrx_word' id='word_1_182' title='bbox 593 2670 822 2733; x_wconf 88' lang='lat' dir='ltr'>cursu”</span> <span class='ocrx_word' id='word_1_183' title='bbox 894 2671 1010 2753; x_wconf 86' lang='lat' dir='ltr'>(vs.</span> <span class='ocrx_word' id='word_1_184' title='bbox 1062 2671 1408 2755; x_wconf 82' lang='lat'>614—19).</span> <span class='ocrx_word' id='word_1_185' title='bbox 1518 2671 1809 2735; x_wconf 89' lang='lat' dir='ltr'>Primum</span> <span class='ocrx_word' id='word_1_186' title='bbox 1875 2670 2226 2736; x_wconf 89' lang='lat' dir='ltr'>Democriti</span> <span class='ocrx_word' id='word_1_187' title='bbox 2292 2673 2607 2739; x_wconf 86' lang='lat' dir='ltr'>sententia</span> <span class='ocrx_word' id='word_1_188' title='bbox 2662 2696 2817 2741; x_wconf 85' lang='lat' dir='ltr'>vera</span> 
     </span>
    </p>
   </div>
   <div class='ocr_carea' id='block_1_3' title="bbox 373 2866 766 2878">
    <p class='ocr_par' dir='ltr' id='par_1_4' title="bbox 373 2866 766 2878">
     <span class='ocr_line' id='line_1_21' title="bbox 373 2866 766 2878; baseline 0 2481"><span class='ocrx_word' id='word_1_189' title='bbox 373 2866 766 2878; x_wconf 95' lang='lat' dir='ltr'> </span> 
     </span>
    </p>
   </div>
   <div class='ocr_carea' id='block_1_4' title="bbox 371 2994 2817 4766">
    <p class='ocr_par' dir='ltr' id='par_1_5' title="bbox 439 2994 1589 3059">
     <span class='ocr_line' id='line_1_22' title="bbox 439 2994 1589 3059; baseline -0.003 -14"><span class='ocrx_word' id='word_1_190' title='bbox 439 2994 476 3059; x_wconf 88' lang='lat'>¹)</span> <span class='ocrx_word' id='word_1_191' title='bbox 543 2995 627 3045; x_wconf 86' lang='lat' dir='ltr'>Vs.</span> <span class='ocrx_word' id='word_1_192' title='bbox 664 2996 954 3056; x_wconf 84' lang='lat'>597-603,</span> <span class='ocrx_word' id='word_1_193' title='bbox 990 2997 1280 3055; x_wconf 82' lang='lat'>604—609,</span> <span class='ocrx_word' id='word_1_194' title='bbox 1316 2997 1589 3043; x_wconf 87' lang='grc'>610-613.</span> 
     </span>
    </p>

    <p class='ocr_par' dir='ltr' id='par_1_6' title="bbox 438 3089 881 3149">
     <span class='ocr_line' id='line_1_23' title="bbox 438 3089 881 3149; baseline -0.002 -10"><span class='ocrx_word' id='word_1_195' title='bbox 438 3089 479 3147; x_wconf 83' lang='lat'>²)</span> <span class='ocrx_word' id='word_1_196' title='bbox 546 3089 633 3139; x_wconf 86' lang='lat' dir='ltr'>Vs.</span> <span class='ocrx_word' id='word_1_197' title='bbox 668 3092 762 3138; x_wconf 88' lang='lat'>602</span> <span class='ocrx_word' id='word_1_198' title='bbox 785 3125 800 3149; x_wconf 85' lang='lat'>‚</span> <span class='ocrx_word' id='word_1_199' title='bbox 837 3092 881 3138; x_wconf 84' lang='lat'>3.</span> 
     </span>
    </p>

    <p class='ocr_par' dir='ltr' id='par_1_7' title="bbox 371 3182 2817 4766">
     <span class='ocr_line' id='line_1_24' title="bbox 439 3182 2813 3250; baseline 0.001 -19"><span class='ocrx_word' id='word_1_200' title='bbox 439 3183 480 3248; x_wconf 80' lang='lat'>⁸)</span> <span class='ocrx_word' id='word_1_201' title='bbox 546 3183 632 3233; x_wconf 90' lang='lat' dir='ltr'>Vs.</span> <span class='ocrx_word' id='word_1_202' title='bbox 683 3187 775 3233; x_wconf 91' lang='grc'>610</span> <span class='ocrx_word' id='word_1_203' title='bbox 810 3199 943 3248; x_wconf 88' lang='lat' dir='ltr'>seqq.</span> <span class='ocrx_word' id='word_1_204' title='bbox 979 3184 1280 3247; x_wconf 68' lang='lat' dir='ltr'>Aestzferum</span> <span class='ocrx_word' id='word_1_205' title='bbox 1312 3182 1576 3247; x_wconf 82' lang='lat' dir='ltr'>legendum</span> <span class='ocrx_word' id='word_1_206' title='bbox 1609 3198 1714 3232; x_wconf 88' lang='lat' dir='ltr'>esse</span> <span class='ocrx_word' id='word_1_207' title='bbox 1747 3198 1921 3232; x_wconf 86' lang='lat' dir='ltr'>censeo</span> <span class='ocrx_word' id='word_1_208' title='bbox 1940 3219 1953 3244; x_wconf 90' lang='lat'><strong>,</strong></span> <span class='ocrx_word' id='word_1_209' title='bbox 2005 3199 2118 3232; x_wconf 93' lang='lat' dir='ltr'>cum</span> <span class='ocrx_word' id='word_1_210' title='bbox 2152 3184 2342 3233; x_wconf 80' lang='lat' dir='ltr'>Avanc.</span> <span class='ocrx_word' id='word_1_211' title='bbox 2378 3184 2551 3233; x_wconf 80' lang='lat' dir='ltr'>Lamb.</span> <span class='ocrx_word' id='word_1_212' title='bbox 2586 3183 2813 3250; x_wconf 82' lang='lat' dir='ltr'>aliisque.</span> 
     </span>
     <span class='ocr_line' id='line_1_25' title="bbox 376 3275 2816 3342; baseline 0 -14"><span class='ocrx_word' id='word_1_213' title='bbox 376 3278 612 3329; x_wconf 81' lang='lat' dir='ltr'>codicum</span> <span class='ocrx_word' id='word_1_214' title='bbox 644 3276 775 3327; x_wconf 90' lang='lat' dir='ltr'>enim</span> <span class='ocrx_word' id='word_1_215' title='bbox 809 3276 1098 3339; x_wconf 85' lang='lat' dir='ltr'>auctoritas,</span> <span class='ocrx_word' id='word_1_216' title='bbox 1132 3280 1387 3341; x_wconf 56' lang='lat' dir='ltr'>aestifer-iu</span> <span class='ocrx_word' id='word_1_217' title='bbox 1406 3275 1746 3339; x_wconf 86' lang='lat' dir='ltr'>praebentium</span> <span class='ocrx_word' id='word_1_218' title='bbox 1762 3314 1776 3337; x_wconf 93' lang='lat'><strong>,</strong></span> <span class='ocrx_word' id='word_1_219' title='bbox 1812 3292 1919 3325; x_wconf 81' lang='lat' dir='ltr'>eam</span> <span class='ocrx_word' id='word_1_220' title='bbox 1942 3292 2140 3339; x_wconf 89' lang='lat' dir='ltr'>poscere</span> <span class='ocrx_word' id='word_1_221' title='bbox 2161 3277 2286 3327; x_wconf 84' lang='lat' dir='ltr'>mihi</span> <span class='ocrx_word' id='word_1_222' title='bbox 2307 3278 2529 3328; x_wconf 85' lang='lat' dir='ltr'>videtur:</span> <span class='ocrx_word' id='word_1_223' title='bbox 2564 3283 2816 3342; x_wconf 82' lang='lat' dir='ltr'>praeterea</span> 
     </span>
     <span class='ocr_line' id='line_1_26' title="bbox 375 3370 2817 3438; baseline -0 -14"><span class='ocrx_word' id='word_1_224' title='bbox 375 3372 619 3424; x_wconf 82' lang='lat' dir='ltr'>sententia</span> <span class='ocrx_word' id='word_1_225' title='bbox 651 3372 723 3421; x_wconf 88' lang='lat' dir='ltr'>sic</span> <span class='ocrx_word' id='word_1_226' title='bbox 755 3372 814 3421; x_wconf 91' lang='lat' dir='ltr'>fit</span> <span class='ocrx_word' id='word_1_227' title='bbox 847 3371 1037 3423; x_wconf 84' lang='lat' dir='ltr'>clarior.</span> <span class='ocrx_word' id='word_1_228' title='bbox 1075 3372 1214 3421; x_wconf 92' lang='lat' dir='ltr'>Ictus</span> <span class='ocrx_word' id='word_1_229' title='bbox 1249 3372 1378 3420; x_wconf 89' lang='lat' dir='ltr'>enim</span> <span class='ocrx_word' id='word_1_230' title='bbox 1410 3370 1658 3421; x_wconf 82' lang='lat' dir='ltr'>radiorum</span> <span class='ocrx_word' id='word_1_231' title='bbox 1681 3370 1863 3420; x_wconf 86' lang='lat' dir='ltr'>dicitur</span> <span class='ocrx_word' id='word_1_232' title='bbox 1880 3370 2083 3435; x_wconf 81' lang='lat' dir='ltr'>augeri3</span> <span class='ocrx_word' id='word_1_233' title='bbox 2119 3370 2207 3435; x_wconf 89' lang='lat' dir='ltr'>qui</span> <span class='ocrx_word' id='word_1_234' title='bbox 2228 3376 2392 3422; x_wconf 82' lang='lat' dir='ltr'>autem</span> <span class='ocrx_word' id='word_1_235' title='bbox 2414 3372 2543 3423; x_wconf 88' lang='lat' dir='ltr'>ictus</span> <span class='ocrx_word' id='word_1_236' title='bbox 2566 3374 2817 3438; x_wconf 80' lang='lat' dir='ltr'>augetur?</span> 
     </span>
     <span class='ocr_line' id='line_1_27' title="bbox 379 3463 2816 3517; baseline 0 0"><span class='ocrx_word' id='word_1_237' title='bbox 379 3468 516 3517; x_wconf 83' lang='lat' dir='ltr'>Ictus</span> <span class='ocrx_word' id='word_1_238' title='bbox 548 3467 630 3517; x_wconf 91' lang='grc'>1118</span> <span class='ocrx_word' id='word_1_239' title='bbox 663 3472 740 3517; x_wconf 87' lang='grc'>881</span> <span class='ocrx_word' id='word_1_240' title='bbox 771 3466 1001 3517; x_wconf 85' lang='lat' dir='ltr'>effeetus:</span> <span class='ocrx_word' id='word_1_241' title='bbox 1038 3465 1163 3515; x_wconf 86' lang='grc'>181111</span> <span class='ocrx_word' id='word_1_242' title='bbox 1195 3464 1416 3515; x_wconf 88' lang='lat' dir='ltr'>efficiunt</span> <span class='ocrx_word' id='word_1_243' title='bbox 1447 3465 1622 3515; x_wconf 82' lang='lat' dir='ltr'>caloris</span> <span class='ocrx_word' id='word_1_244' title='bbox 1656 3470 1708 3515; x_wconf 92' lang='lat' dir='ltr'>et</span> <span class='ocrx_word' id='word_1_245' title='bbox 1738 3463 1945 3514; x_wconf 90' lang='lat' dir='ltr'>luminis</span> <span class='ocrx_word' id='word_1_246' title='bbox 1980 3481 2208 3515; x_wconf 84' lang='lat' dir='ltr'>sensum:</span> <span class='ocrx_word' id='word_1_247' title='bbox 2246 3465 2421 3516; x_wconf 81' lang='lat' dir='ltr'>caloris</span> <span class='ocrx_word' id='word_1_248' title='bbox 2455 3472 2620 3517; x_wconf 82' lang='lat' dir='ltr'>autem</span> <span class='ocrx_word' id='word_1_249' title='bbox 2644 3484 2816 3517; x_wconf 88' lang='lat' dir='ltr'>sensus</span> 
     </span>
     <span class='ocr_line' id='line_1_28' title="bbox 375 3560 2814 3626; baseline -0 -13"><span class='ocrx_word' id='word_1_250' title='bbox 375 3562 464 3614; x_wconf 91' lang='lat' dir='ltr'>illo</span> <span class='ocrx_word' id='word_1_251' title='bbox 495 3563 682 3624; x_wconf 83' lang='lat' dir='ltr'>„caecis</span> <span class='ocrx_word' id='word_1_252' title='bbox 715 3562 987 3611; x_wconf 82' lang='lat' dir='ltr'>fervoribus</span> <span class='ocrx_word' id='word_1_253' title='bbox 1020 3560 1164 3625; x_wconf 84' lang='lat' dir='ltr'>igne‘’</span> <span class='ocrx_word' id='word_1_254' title='bbox 1190 3564 1415 3625; x_wconf 83' lang='lat' dir='ltr'>augetur.</span> <span class='ocrx_word' id='word_1_255' title='bbox 1451 3560 1664 3610; x_wconf 83' lang='lat' dir='ltr'>Etiamsi</span> <span class='ocrx_word' id='word_1_256' title='bbox 1686 3577 1800 3610; x_wconf 90' lang='lat' dir='ltr'>cum</span> <span class='ocrx_word' id='word_1_257' title='bbox 1826 3560 2037 3610; x_wconf 90' lang='lat' dir='ltr'>Munroo</span> <span class='ocrx_word' id='word_1_258' title='bbox 2060 3564 2111 3609; x_wconf 92' lang='lat' dir='ltr'>et</span> <span class='ocrx_word' id='word_1_259' title='bbox 2131 3560 2333 3610; x_wconf 81' lang='lat' dir='ltr'>Lachm.</span> <span class='ocrx_word' id='word_1_260' title='bbox 2358 3563 2551 3625; x_wconf 64' lang='lat' dir='ltr'>aestzjfer</span> <span class='ocrx_word' id='word_1_261' title='bbox 2572 3561 2784 3626; x_wconf 84' lang='lat' dir='ltr'>legerem</span> <span class='ocrx_word' id='word_1_262' title='bbox 2800 3598 2814 3623; x_wconf 92' lang='lat'><strong><em>‚</em></strong></span> 
     </span>
     <span class='ocr_line' id='line_1_29' title="bbox 375 3655 2813 3723; baseline -0.001 -14"><span class='ocrx_word' id='word_1_263' title='bbox 375 3663 540 3709; x_wconf 83' lang='lat' dir='ltr'>tamen</span> <span class='ocrx_word' id='word_1_264' title='bbox 577 3675 678 3709; x_wconf 89' lang='lat' dir='ltr'>non</span> <span class='ocrx_word' id='word_1_265' title='bbox 709 3658 994 3722; x_wconf 84' lang='lat' dir='ltr'>intellegere</span> <span class='ocrx_word' id='word_1_266' title='bbox 1027 3674 1219 3721; x_wconf 89' lang='lat' dir='ltr'>possem</span> <span class='ocrx_word' id='word_1_267' title='bbox 1237 3694 1250 3719; x_wconf 90' lang='lat'><strong>,</strong></span> <span class='ocrx_word' id='word_1_268' title='bbox 1286 3656 1405 3723; x_wconf 74' lang='lat' dir='ltr'>quid</span> <span class='ocrx_word' id='word_1_269' title='bbox 1439 3656 1605 3706; x_wconf 89' lang='lat' dir='ltr'>Munr.</span> <span class='ocrx_word' id='word_1_270' title='bbox 1641 3656 1737 3707; x_wconf 88' lang='lat' dir='ltr'>sibi</span> <span class='ocrx_word' id='word_1_271' title='bbox 1770 3655 1894 3705; x_wconf 85' lang='lat' dir='ltr'>velit</span> <span class='ocrx_word' id='word_1_272' title='bbox 1924 3655 1979 3705; x_wconf 93' lang='lat' dir='ltr'>in</span> <span class='ocrx_word' id='word_1_273' title='bbox 2012 3660 2177 3706; x_wconf 84' lang='lat' dir='ltr'>annot.</span> <span class='ocrx_word' id='word_1_274' title='bbox 2203 3657 2263 3705; x_wconf 85' lang='grc'>811</span> <span class='ocrx_word' id='word_1_275' title='bbox 2286 3673 2358 3705; x_wconf 88' lang='lat' dir='ltr'>vs.</span> <span class='ocrx_word' id='word_1_276' title='bbox 2386 3660 2638 3707; x_wconf 67' lang='grc'>610-131</span> <span class='ocrx_word' id='word_1_277' title='bbox 2677 3658 2813 3723; x_wconf 84' lang='lat' dir='ltr'>Tyn-</span> 
     </span>
     <span class='ocr_line' id='line_1_30' title="bbox 375 3750 2814 3818; baseline -0.001 -15"><span class='ocrx_word' id='word_1_278' title='bbox 375 3754 476 3804; x_wconf 84' lang='grc'>11811</span> <span class='ocrx_word' id='word_1_279' title='bbox 525 3760 700 3818; x_wconf 88' lang='lat' dir='ltr'>quotes</span> <span class='ocrx_word' id='word_1_280' title='bbox 745 3752 882 3803; x_wconf 84' lang='lat' dir='ltr'>what</span> <span class='ocrx_word' id='word_1_281' title='bbox 929 3752 992 3801; x_wconf 93' lang='lat' dir='ltr'>he</span> <span class='ocrx_word' id='word_1_282' title='bbox 1026 3752 1146 3803; x_wconf 82' lang='lat' dir='ltr'>calls</span> <span class='ocrx_word' id='word_1_283' title='bbox 1179 3752 1313 3814; x_wconf 80' lang='lat' dir='ltr'>„this</span> <span class='ocrx_word' id='word_1_284' title='bbox 1346 3751 1652 3802; x_wconf 84' lang='lat' dir='ltr'>remarkable</span> <span class='ocrx_word' id='word_1_285' title='bbox 1682 3753 1917 3815; x_wconf 81' lang='lat' dir='ltr'>passage⁷&#39;</span> <span class='ocrx_word' id='word_1_286' title='bbox 1954 3751 2122 3801; x_wconf 86' lang='lat' dir='ltr'>before</span> <span class='ocrx_word' id='word_1_287' title='bbox 2154 3750 2233 3801; x_wconf 85' lang='lat' dir='ltr'>his</span> <span class='ocrx_word' id='word_1_288' title='bbox 2266 3767 2405 3815; x_wconf 83' lang='lat' dir='ltr'>essay</span> <span class='ocrx_word' id='word_1_289' title='bbox 2442 3768 2505 3801; x_wconf 89' lang='lat' dir='ltr'>on</span> <span class='ocrx_word' id='word_1_290' title='bbox 2538 3751 2780 3802; x_wconf 86' lang='lat' dir='ltr'>radiation</span> <span class='ocrx_word' id='word_1_291' title='bbox 2801 3789 2814 3814; x_wconf 90' lang='lat'><strong>,</strong></span> 
     </span>
     <span class='ocr_line' id='line_1_31' title="bbox 377 3844 2815 3912; baseline 0 -15"><span class='ocrx_word' id='word_1_292' title='bbox 377 3848 548 3912; x_wconf 79' lang='lat' dir='ltr'>Frags.</span> <span class='ocrx_word' id='word_1_293' title='bbox 597 3848 654 3898; x_wconf 85' lang='lat' dir='ltr'>of</span> <span class='ocrx_word' id='word_1_294' title='bbox 699 3847 901 3897; x_wconf 84' lang='lat' dir='ltr'>Science</span> <span class='ocrx_word' id='word_1_295' title='bbox 948 3863 996 3909; x_wconf 88' lang='lat' dir='ltr'>p.</span> <span class='ocrx_word' id='word_1_296' title='bbox 1054 3848 1108 3899; x_wconf 87' lang='lat'>17</span> <span class='ocrx_word' id='word_1_297' title='bbox 1115 3850 1174 3909; x_wconf 84' lang='lat'>03</span> <span class='ocrx_word' id='word_1_298' title='bbox 1225 3847 1324 3895; x_wconf 80' lang='lat' dir='ltr'>and</span> <span class='ocrx_word' id='word_1_299' title='bbox 1371 3845 1426 3895; x_wconf 91' lang='lat' dir='ltr'>in</span> <span class='ocrx_word' id='word_1_300' title='bbox 1473 3845 1559 3895; x_wconf 88' lang='lat' dir='ltr'>the</span> <span class='ocrx_word' id='word_1_301' title='bbox 1605 3861 1777 3895; x_wconf 89' lang='lat' dir='ltr'>course</span> <span class='ocrx_word' id='word_1_302' title='bbox 1821 3847 1879 3895; x_wconf 86' lang='lat' dir='ltr'>of</span> <span class='ocrx_word' id='word_1_303' title='bbox 1916 3846 2003 3895; x_wconf 93' lang='lat' dir='ltr'>the</span> <span class='ocrx_word' id='word_1_304' title='bbox 2051 3861 2193 3911; x_wconf 85' lang='lat' dir='ltr'>essay</span> <span class='ocrx_word' id='word_1_305' title='bbox 2228 3844 2389 3895; x_wconf 84' lang='lat' dir='ltr'>shews</span> <span class='ocrx_word' id='word_1_306' title='bbox 2420 3846 2533 3895; x_wconf 82' lang='lat' dir='ltr'>that</span> <span class='ocrx_word' id='word_1_307' title='bbox 2563 3846 2649 3895; x_wconf 93' lang='lat' dir='ltr'>the</span> <span class='ocrx_word' id='word_1_308' title='bbox 2680 3848 2815 3897; x_wconf 85' lang='lat' dir='ltr'>sun&#39;s</span> 
     </span>
     <span class='ocr_line' id='line_1_32' title="bbox 374 3939 2816 4008; baseline -0.001 -15"><span class='ocrx_word' id='word_1_309' title='bbox 374 3942 608 3993; x_wconf 85' lang='lat' dir='ltr'>invisible</span> <span class='ocrx_word' id='word_1_310' title='bbox 655 3958 770 4008; x_wconf 80' lang='lat' dir='ltr'>rays</span> <span class='ocrx_word' id='word_1_311' title='bbox 819 3942 896 3991; x_wconf 83' lang='lat' dir='ltr'>far</span> <span class='ocrx_word' id='word_1_312' title='bbox 938 3942 1199 3991; x_wconf 82' lang='lat' dir='ltr'>transcend</span> <span class='ocrx_word' id='word_1_313' title='bbox 1247 3940 1334 3991; x_wconf 90' lang='lat' dir='ltr'>the</span> <span class='ocrx_word' id='word_1_314' title='bbox 1381 3940 1559 3990; x_wconf 88' lang='lat' dir='ltr'>visible</span> <span class='ocrx_word' id='word_1_315' title='bbox 1603 3940 1656 3990; x_wconf 93' lang='lat' dir='ltr'>in</span> <span class='ocrx_word' id='word_1_316' title='bbox 1689 3939 1895 4004; x_wconf 80' lang='lat' dir='ltr'>heating</span> <span class='ocrx_word' id='word_1_317' title='bbox 1927 3956 2123 4003; x_wconf 84' lang='lat' dir='ltr'>power3</span> <span class='ocrx_word' id='word_1_318' title='bbox 2175 3941 2273 3989; x_wconf 85' lang='grc'>81111</span> <span class='ocrx_word' id='word_1_319' title='bbox 2303 3940 2415 3989; x_wconf 85' lang='grc'>11181</span> <span class='ocrx_word' id='word_1_320' title='bbox 2448 3939 2599 3989; x_wconf 83' lang='lat' dir='ltr'>about</span> <span class='ocrx_word' id='word_1_321' title='bbox 2633 3943 2693 3989; x_wconf 91' lang='lat'>98</span> <span class='ocrx_word' id='word_1_322' title='bbox 2726 3956 2816 4003; x_wconf 87' lang='lat' dir='ltr'>per</span> 
     </span>
     <span class='ocr_line' id='line_1_33' title="bbox 375 4034 2815 4101; baseline -0.001 -12"><span class='ocrx_word' id='word_1_323' title='bbox 375 4043 503 4089; x_wconf 89' lang='lat' dir='ltr'>cent.</span> <span class='ocrx_word' id='word_1_324' title='bbox 552 4039 609 4089; x_wconf 88' lang='lat' dir='ltr'>of</span> <span class='ocrx_word' id='word_1_325' title='bbox 647 4038 734 4088; x_wconf 86' lang='lat' dir='ltr'>the</span> <span class='ocrx_word' id='word_1_326' title='bbox 779 4037 938 4088; x_wconf 86' lang='lat' dir='ltr'>whole</span> <span class='ocrx_word' id='word_1_327' title='bbox 982 4036 1224 4087; x_wconf 84' lang='lat' dir='ltr'>radiation</span> <span class='ocrx_word' id='word_1_328' title='bbox 1278 4037 1404 4087; x_wconf 85' lang='lat' dir='ltr'>from</span> <span class='ocrx_word' id='word_1_329' title='bbox 1457 4053 1549 4087; x_wconf 90' lang='lat' dir='ltr'>our</span> <span class='ocrx_word' id='word_1_330' title='bbox 1577 4035 1699 4085; x_wconf 85' lang='lat' dir='ltr'>sires</span> <span class='ocrx_word' id='word_1_331' title='bbox 1732 4035 1941 4086; x_wconf 90' lang='lat' dir='ltr'>consists</span> <span class='ocrx_word' id='word_1_332' title='bbox 1973 4037 2031 4086; x_wconf 86' lang='lat' dir='ltr'>of</span> <span class='ocrx_word' id='word_1_333' title='bbox 2056 4034 2289 4085; x_wconf 85' lang='lat' dir='ltr'>invisible</span> <span class='ocrx_word' id='word_1_334' title='bbox 2320 4036 2483 4101; x_wconf 82' lang='lat' dir='ltr'>rays.⁷&#39;</span> <span class='ocrx_word' id='word_1_335' title='bbox 2552 4036 2815 4087; x_wconf 88' lang='lat' dir='ltr'>Lucretius</span> 
     </span>
     <span class='ocr_line' id='line_1_34' title="bbox 373 4116 2815 4191; baseline -0.001 -6"><span class='ocrx_word' id='word_1_336' title='bbox 373 4150 474 4185; x_wconf 89' lang='lat' dir='ltr'>non</span> <span class='ocrx_word' id='word_1_337' title='bbox 523 4139 760 4184; x_wconf 85' lang='lat' dir='ltr'>memorat</span> <span class='ocrx_word' id='word_1_338' title='bbox 803 4132 1056 4191; x_wconf 67' lang='lat' dir='ltr'>aestifseros</span> <span class='ocrx_word' id='word_1_339' title='bbox 1105 4131 1266 4182; x_wconf 82' lang='lat' dir='ltr'>radios</span> <span class='ocrx_word' id='word_1_340' title='bbox 1316 4136 1366 4181; x_wconf 92' lang='lat' dir='ltr'>et</span> <span class='ocrx_word' id='word_1_341' title='bbox 1414 4130 1645 4181; x_wconf 88' lang='lat' dir='ltr'>luciferos</span> <span class='ocrx_word' id='word_1_342' title='bbox 1679 4130 1835 4181; x_wconf 86' lang='lat' dir='ltr'>alios:</span> <span class='ocrx_word' id='word_1_343' title='bbox 1893 4131 2033 4181; x_wconf 89' lang='lat' dir='ltr'>nullo</span> <span class='ocrx_word' id='word_1_344' title='bbox 2066 4131 2173 4181; x_wconf 88' lang='lat' dir='ltr'>iure</span> <span class='ocrx_word' id='word_1_345' title='bbox 2206 4130 2333 4180; x_wconf 87' lang='lat' dir='ltr'>hanc</span> <span class='ocrx_word' id='word_1_346' title='bbox 2368 4116 2735 4181; x_wconf 85' lang='lat' dir='ltr'>distinctionem</span> <span class='ocrx_word' id='word_1_347' title='bbox 2767 4132 2815 4182; x_wconf 92' lang='lat' dir='ltr'>ei</span> 
     </span>
     <span class='ocr_line' id='line_1_35' title="bbox 371 4224 2810 4291; baseline -0 -14"><span class='ocrx_word' id='word_1_348' title='bbox 371 4227 589 4278; x_wconf 87' lang='lat' dir='ltr'>tribuere</span> <span class='ocrx_word' id='word_1_349' title='bbox 633 4243 908 4291; x_wconf 87' lang='lat' dir='ltr'>possumus.</span> <span class='ocrx_word' id='word_1_350' title='bbox 974 4225 1184 4291; x_wconf 83' lang='lat' dir='ltr'>Antiqui</span> <span class='ocrx_word' id='word_1_351' title='bbox 1231 4225 1474 4289; x_wconf 83' lang='lat' dir='ltr'>putabant</span> <span class='ocrx_word' id='word_1_352' title='bbox 1517 4225 1644 4275; x_wconf 89' lang='lat' dir='ltr'>lucis</span> <span class='ocrx_word' id='word_1_353' title='bbox 1691 4224 1861 4275; x_wconf 81' lang='lat' dir='ltr'>radios</span> <span class='ocrx_word' id='word_1_354' title='bbox 1910 4230 2137 4275; x_wconf 80' lang='lat' dir='ltr'>naturam</span> <span class='ocrx_word' id='word_1_355' title='bbox 2170 4242 2336 4274; x_wconf 90' lang='lat' dir='ltr'>secum</span> <span class='ocrx_word' id='word_1_356' title='bbox 2370 4224 2499 4289; x_wconf 85' lang='lat' dir='ltr'>ignis</span> <span class='ocrx_word' id='word_1_357' title='bbox 2532 4225 2810 4276; x_wconf 87' lang='lat' dir='ltr'>devehere:</span> 
     </span>
     <span class='ocr_line' id='line_1_36' title="bbox 373 4320 2814 4385; baseline -0.001 -11"><span class='ocrx_word' id='word_1_358' title='bbox 373 4322 431 4375; x_wconf 87' lang='lat' dir='ltr'>hi</span> <span class='ocrx_word' id='word_1_359' title='bbox 467 4322 684 4373; x_wconf 78' lang='lat' dir='ltr'>aestiferi</span> <span class='ocrx_word' id='word_1_360' title='bbox 717 4327 769 4373; x_wconf 92' lang='lat' dir='ltr'>et</span> <span class='ocrx_word' id='word_1_361' title='bbox 788 4321 984 4371; x_wconf 85' lang='lat' dir='ltr'>luciferi</span> <span class='ocrx_word' id='word_1_362' title='bbox 1005 4325 1126 4371; x_wconf 76' lang='lat' dir='ltr'>ictus</span> <span class='ocrx_word' id='word_1_363' title='bbox 1147 4321 1397 4372; x_wconf 85' lang='lat' dir='ltr'>radiorum</span> <span class='ocrx_word' id='word_1_364' title='bbox 1420 4322 1605 4371; x_wconf 85' lang='lat' dir='ltr'>secerni</span> <span class='ocrx_word' id='word_1_365' title='bbox 1626 4326 1846 4384; x_wconf 86' lang='lat' dir='ltr'>possunt.</span> <span class='ocrx_word' id='word_1_366' title='bbox 1888 4320 1969 4370; x_wconf 86' lang='lat' dir='ltr'>Sic</span> <span class='ocrx_word' id='word_1_367' title='bbox 1988 4358 1999 4379; x_wconf 86' lang='lat'>‚</span> <span class='ocrx_word' id='word_1_368' title='bbox 2036 4320 2250 4383; x_wconf 86' lang='lat' dir='ltr'>exempli</span> <span class='ocrx_word' id='word_1_369' title='bbox 2272 4320 2431 4385; x_wconf 82' lang='lat' dir='ltr'>gratia</span> <span class='ocrx_word' id='word_1_370' title='bbox 2449 4358 2462 4381; x_wconf 93' lang='lat'><em>‚</em></span> <span class='ocrx_word' id='word_1_371' title='bbox 2497 4320 2785 4384; x_wconf 78' lang='lat' dir='ltr'>„speculum</span> <span class='ocrx_word' id='word_1_372' title='bbox 2800 4357 2814 4382; x_wconf 92' lang='lat'><strong><em>‚</em></strong></span> 
     </span>
     <span class='ocr_line' id='line_1_37' title="bbox 375 4413 2815 4482; baseline -0.002 -13"><span class='ocrx_word' id='word_1_373' title='bbox 375 4434 489 4469; x_wconf 90' lang='lat' dir='ltr'>cum</span> <span class='ocrx_word' id='word_1_374' title='bbox 538 4418 846 4482; x_wconf 86' lang='lat' dir='ltr'>splendorem</span> <span class='ocrx_word' id='word_1_375' title='bbox 893 4418 954 4467; x_wconf 91' lang='lat' dir='ltr'>de</span> <span class='ocrx_word' id='word_1_376' title='bbox 1003 4432 1054 4467; x_wconf 88' lang='lat' dir='ltr'>se</span> <span class='ocrx_word' id='word_1_377' title='bbox 1105 4416 1160 4467; x_wconf 83' lang='lat' dir='ltr'>vi</span> <span class='ocrx_word' id='word_1_378' title='bbox 1192 4416 1404 4480; x_wconf 88' lang='lat' dir='ltr'>oppositi</span> <span class='ocrx_word' id='word_1_379' title='bbox 1435 4416 1627 4467; x_wconf 88' lang='lat' dir='ltr'>eminus</span> <span class='ocrx_word' id='word_1_380' title='bbox 1659 4415 1793 4481; x_wconf 82' lang='lat' dir='ltr'>ignis</span> <span class='ocrx_word' id='word_1_381' title='bbox 1826 4413 2009 4465; x_wconf 89' lang='lat' dir='ltr'>emittit</span> <span class='ocrx_word' id='word_1_382' title='bbox 2033 4451 2047 4475; x_wconf 92' lang='lat'>,</span> <span class='ocrx_word' id='word_1_383' title='bbox 2090 4414 2245 4464; x_wconf 85' lang='lat' dir='ltr'>solam</span> <span class='ocrx_word' id='word_1_384' title='bbox 2277 4414 2407 4480; x_wconf 84' lang='lat' dir='ltr'>ignis</span> <span class='ocrx_word' id='word_1_385' title='bbox 2440 4414 2815 4466; x_wconf 88' lang='lat' dir='ltr'>similitudinem</span> 
     </span>
     <span class='ocr_line' id='line_1_38' title="bbox 375 4508 2816 4575; baseline -0.001 -13"><span class='ocrx_word' id='word_1_386' title='bbox 375 4516 621 4562; x_wconf 85' lang='lat' dir='ltr'>carentem</span> <span class='ocrx_word' id='word_1_387' title='bbox 675 4528 822 4561; x_wconf 87' lang='lat' dir='ltr'>sensu</span> <span class='ocrx_word' id='word_1_388' title='bbox 873 4509 1046 4561; x_wconf 82' lang='lat' dir='ltr'>caloris</span> <span class='ocrx_word' id='word_1_389' title='bbox 1090 4510 1351 4561; x_wconf 87' lang='lat' dir='ltr'>ostendit.”</span> <span class='ocrx_word' id='word_1_390' title='bbox 1418 4510 1494 4560; x_wconf 90' lang='lat' dir='ltr'>Eo</span> <span class='ocrx_word' id='word_1_391' title='bbox 1527 4526 1722 4575; x_wconf 87' lang='lat' dir='ltr'>quoque</span> <span class='ocrx_word' id='word_1_392' title='bbox 1754 4510 1814 4559; x_wconf 82' lang='lat' dir='ltr'>fit</span> <span class='ocrx_word' id='word_1_393' title='bbox 1844 4514 1905 4559; x_wconf 92' lang='lat' dir='ltr'>ut</span> <span class='ocrx_word' id='word_1_394' title='bbox 1935 4510 2083 4558; x_wconf 84' lang='lat' dir='ltr'>lunae</span> <span class='ocrx_word' id='word_1_395' title='bbox 2115 4508 2243 4559; x_wconf 82' lang='lat' dir='ltr'>radii</span> <span class='ocrx_word' id='word_1_396' title='bbox 2274 4510 2485 4560; x_wconf 82' lang='lat' dir='ltr'>calorem</span> <span class='ocrx_word' id='word_1_397' title='bbox 2516 4525 2684 4559; x_wconf 88' lang='lat' dir='ltr'>secum</span> <span class='ocrx_word' id='word_1_398' title='bbox 2714 4526 2816 4561; x_wconf 89' lang='lat' dir='ltr'>non</span> 
     </span>
     <span class='ocr_line' id='line_1_39' title="bbox 374 4602 2815 4669; baseline -0 -13"><span class='ocrx_word' id='word_1_399' title='bbox 374 4606 632 4657; x_wconf 77' lang='lat' dir='ltr'>devehant.</span> <span class='ocrx_word' id='word_1_400' title='bbox 701 4604 920 4655; x_wconf 78' lang='lat' dir='ltr'>Macrob.</span> <span class='ocrx_word' id='word_1_401' title='bbox 955 4620 1130 4655; x_wconf 85' lang='lat' dir='ltr'>comm.</span> <span class='ocrx_word' id='word_1_402' title='bbox 1164 4604 1220 4655; x_wconf 87' lang='lat' dir='ltr'>in</span> <span class='ocrx_word' id='word_1_403' title='bbox 1252 4621 1406 4656; x_wconf 87' lang='lat' dir='ltr'>somn.</span> <span class='ocrx_word' id='word_1_404' title='bbox 1445 4604 1576 4669; x_wconf 85' lang='lat' dir='ltr'>Scip.</span> <span class='ocrx_word' id='word_1_405' title='bbox 1613 4604 1658 4654; x_wconf 92' lang='grc' dir='ltr'>Ι.</span> <span class='ocrx_word' id='word_1_406' title='bbox 1693 4619 1799 4667; x_wconf 83' lang='lat' dir='ltr'>cap.</span> <span class='ocrx_word' id='word_1_407' title='bbox 1839 4606 1897 4652; x_wconf 91' lang='lat'>19</span> <span class='ocrx_word' id='word_1_408' title='bbox 1917 4639 1930 4664; x_wconf 89' lang='lat'><strong>,</strong></span> <span class='ocrx_word' id='word_1_409' title='bbox 1976 4618 2167 4667; x_wconf 77' lang='lat' dir='ltr'>paragr.</span> <span class='ocrx_word' id='word_1_410' title='bbox 2206 4607 2283 4653; x_wconf 88' lang='lat'>13.</span> <span class='ocrx_word' id='word_1_411' title='bbox 2351 4602 2662 4667; x_wconf 78' lang='lat' dir='ltr'>Quamquam</span> <span class='ocrx_word' id='word_1_412' title='bbox 2692 4603 2815 4655; x_wconf 79' lang='lat' dir='ltr'>haec</span> 
     </span>
     <span class='ocr_line' id='line_1_40' title="bbox 374 4697 2813 4766; baseline -0.001 -14"><span class='ocrx_word' id='word_1_413' title='bbox 374 4702 596 4752; x_wconf 77' lang='lat' dir='ltr'>doctrina</span> <span class='ocrx_word' id='word_1_414' title='bbox 627 4702 754 4751; x_wconf 75' lang='lat' dir='ltr'>falsa</span> <span class='ocrx_word' id='word_1_415' title='bbox 787 4706 862 4751; x_wconf 86' lang='lat' dir='ltr'>est</span> <span class='ocrx_word' id='word_1_416' title='bbox 876 4737 889 4762; x_wconf 89' lang='lat'><strong>,</strong></span> <span class='ocrx_word' id='word_1_417' title='bbox 923 4705 1090 4751; x_wconf 84' lang='lat' dir='ltr'>tamen</span> <span class='ocrx_word' id='word_1_418' title='bbox 1121 4700 1250 4750; x_wconf 87' lang='grc'>1111111</span> <span class='ocrx_word' id='word_1_419' title='bbox 1283 4706 1391 4763; x_wconf 90' lang='lat' dir='ltr'>est,</span> <span class='ocrx_word' id='word_1_420' title='bbox 1425 4702 1558 4766; x_wconf 87' lang='lat' dir='ltr'>quod</span> <span class='ocrx_word' id='word_1_421' title='bbox 1588 4716 1680 4750; x_wconf 91' lang='lat' dir='ltr'>nos</span> <span class='ocrx_word' id='word_1_422' title='bbox 1712 4703 1856 4763; x_wconf 81' lang='lat' dir='ltr'>cogat</span> <span class='ocrx_word' id='word_1_423' title='bbox 1872 4736 1885 4759; x_wconf 93' lang='lat'><strong><em>‚</em></strong></span> <span class='ocrx_word' id='word_1_424' title='bbox 1920 4703 1981 4747; x_wconf 90' lang='grc'>111</span> <span class='ocrx_word' id='word_1_425' title='bbox 2003 4713 2111 4747; x_wconf 85' lang='grc'>88111</span> <span class='ocrx_word' id='word_1_426' title='bbox 2136 4698 2199 4747; x_wconf 80' lang='lat' dir='ltr'>ab</span> <span class='ocrx_word' id='word_1_427' title='bbox 2220 4697 2438 4761; x_wconf 82' lang='lat' dir='ltr'>Epicuro</span> <span class='ocrx_word' id='word_1_428' title='bbox 2460 4697 2813 4749; x_wconf 80' lang='lat' dir='ltr'>abiudicemus.</span> 
     </span>
    </p>
   </div>
  </div>
 </body>
</html>
