3529 5359
1924 413 2045 476 170

721 609 910 674 Hanc
956 611 1036 675 ob
1084 632 1337 676 causam
1382 617 1654 676 mortem
1698 618 1948 677 metuas
1971 615 2001 676 Ρ
2090 613 2359 698 Cogita,
2428 635 2662 700 quaeso
2682 663 2698 696 ,
2760 613 2882 678 tibi
2924 619 3163 677 mortuo

721 727 961 791 nullius
1003 728 1098 793 rei
1145 728 1532 793 desiderium
1576 728 1882 792 futurum.
1927 728 2275 794 Praeterea
2318 730 2453 794 vita
2498 730 2642 815 plus
2688 731 2975 794 continet
3003 729 3163 794 dolo-

721 845 809 908 ris
875 867 1066 931 quam
1132 845 1500 932 voluptatis.
1596 847 1734 928 „Tu
1803 846 2062 932 quidem
2129 852 2201 910 ut
2264 867 2333 910 es
2375 846 2507 910 leto
2556 847 2797 932 sopitus
2825 896 2842 930 ‚
2914 847 3003 911 sic
3046 845 3166 910 eris

723 963 867 1026 aevi
933 963 1102 1049 quod
1161 984 1352 1050 super
1412 969 1509 1028 est
1575 964 1819 1027 cunctis
1885 963 2161 1049 privatu‘
2225 963 2551 1028 doloribus
2621 965 2876 1048 aegris:
2949 970 3016 1028 at
3057 985 3165 1028 nos

721 1078 1015 1145 horrifico
1075 1080 1456 1145 cinefactum
1500 1087 1566 1145 te
1610 1101 1808 1167 prope
1853 1080 2038 1144 busto
2083 1081 2535 1145 insatiabiliter
2582 1081 2960 1148 deflevimus
2985 1131 3002 1165 ,
3069 1101 3165 1145 ae·

721 1203 1100 1283 ternumque
1146 1198 1324 1262 nulla
1369 1198 1503 1262 dies
1548 1197 1732 1262 nobis
1777 1218 2091 1262 merorem
2139 1218 2174 1261 0
2221 1204 2481 1284 pectore
2527 1198 2741 1262 demet
2789 1247 2803 1261 .
2842 1246 2856 1261 .
2893 1247 2909 1262 .
2978 1198 3167 1282 igitur

721 1314 1252 1399 quaerendumst‚
1322 1315 1473 1401 quid
1543 1317 1624 1380 sit
1691 1315 1891 1380 amari
1958 1307 2136 1380 tanto
2205 1337 2443 1401 opere,
2514 1316 2593 1380 ad
2638 1337 2931 1379 somnum
2976 1315 3029 1379 si
3071 1335 3166 1378 res

722 1429 890 1493 redit
920 1436 1112 1516 atque
1144 1423 1459 1516 quietem,
1495 1453 1606 1495 cur
1630 1431 1963 1516 quisquam
1986 1437 2246 1495 aeterno
2275 1430 2475 1516 possit
2503 1431 2829 1495 tabescere
2860 1430 3077 1493 luctu‘’
3108 1431 3165 1512 ¹).

643 1605 650 1618 Ι
719 1546 783 1610 N
785 1567 894 1609 um
915 1552 1129 1611 10111011
1155 1553 1290 1612 1010
1315 1568 1400 1611 ex
1427 1547 1690 1633 Epicuri
1707 1552 1923 1611 mente
1950 1547 2032 1611 sit
2053 1546 2213 1612 haec
2238 1547 2584 1612 consolatio
2612 1547 3013 1630 dubitamus3
3045 1566 3166 1609 non

720 1663 892 1727 enim
957 1665 1256 1729 convenit
1313 1686 1459 1729 cum
1504 1665 1762 1729 laudata
1806 1665 2003 1729 animi
2070 1663 2375 1752 ἀταραξίᾳ
2399 1714 2415 1747 ,
2467 1665 2520 1728 si
2566 1671 2840 1728 mortem
2884 1663 3167 1749 requiem

719 1779 918 1845 habes
963 1781 1135 1846 vitae
1179 1783 1509 1846 malorum.
1600 1782 1853 1846 Pariter
1896 1783 2221 1868 vituperat
2267 1782 2582 1869 Epicurus
2628 1783 2737 1868 qui
2782 1787 3055 1844 mortem
3098 1785 3167 1844 ut

721 1900 1032 1963 malorum
1098 1900 1449 1965 maximum
1505 1900 1795 1986 fugiunt,
1844 1906 2035 1988 atque
2082 1921 2189 1965 eos
2214 1950 2230 1983 ,
2278 1901 2386 1987 qui
2432 1921 2576 1964 eam
2621 1908 2693 1963 ut
2736 1899 3023 1985 requiem
3068 1918 3165 1962 eo-

720 2037 894 2100 rum,
942 2038 1104 2104 quae
1149 2018 1218 2081 in
1261 2019 1397 2082 vita
1427 2024 1607 2100 sunt,
1654 2019 1935 2082 tristium
1966 2019 2272 2104 cupiunt:
2331 2023 2391 2084 οἱ
2437 2018 2676 2084 πολλοὶ
2726 2019 2839 2082 τὸν
2887 2019 3166 2082 θάνατον

725 2139 826 2201 ὁτὲ
893 2141 1006 2217 μὲν
1066 2138 1155 2213 ὡς
1212 2141 1510 2225 μέγιστον
1554 2141 1682 2203 τῶν
1729 2141 1935 2203 κακῶν
1982 2140 2368 2222 φεύγουσιν,
2432 2141 2533 2202 ὁτὲ
2582 2133 2633 2202 δ’
2680 2137 2768 2210 ὡς
2816 2135 3166 2200 ἀνάπαυσιν

722 2256 851 2316 τῶν
919 2255 985 2318 ἐν
1045 2258 1134 2340 τῷ
1197 2253 1314 2329 ζῆν
1375 2257 1580 2319 κακῶν
1648 2257 1987 2319 ποθοῦσιν.
2078 2252 2349 2338 Sapiens
2417 2252 2557 2318 οὔτε
2628 2250 2919 2339 φοβεῖται
2970 2252 3043 2316 τὸ
3087 2251 3165 2332 μὴ

722 2365 842 2444 ζῆν
897 2387 910 2402 ·
983 2367 1125 2434 οὔτε
1202 2370 1330 2454 γὰρ
1398 2370 1569 2456 αὐτῷ
1611 2373 2027 2454 προσίσταται
2071 2370 2145 2434 τὸ
2191 2369 2308 2446 ζῆν
2340 2389 2354 2404 ·
2423 2367 2566 2434 οὔτε
2610 2365 2935 2443 δοξάζεται
2982 2367 3167 2433 κακὸν

721 2485 875 2552 εἶναι
921 2487 996 2552 τὸ
1041 2488 1125 2568 μὴ
1172 2485 1290 2564 ζῆν
1316 2484 1389 2569 ²).

809 2602 937 2678 Qui
1011 2603 1208 2667 edunt
1281 2609 1346 2685 et
1418 2603 1648 2666 bibunt
1714 2609 1781 2667 et
1847 2602 2129 2689 gaudent
2197 2602 2481 2668 dicentes
2572 2601 2819 2685 „brevis
2886 2600 2993 2666 hic
3074 2605 3165 2664 est

721 2719 964 2784 fructus
1008 2718 1308 2784 homullis
1334 2769 1350 2802 ,
1416 2720 1545 2784 iam
1589 2720 1781 2784 fuerit
1806 2771 1823 2805 ,
1890 2741 2099 2808 neque
2144 2727 2288 2805 post
2332 2740 2634 2805 umquam
2677 2739 2977 2784 revocare
3023 2718 3164 2781 lice-

725 2837 881 2920 bit'’,
931 2838 1124 2902 etiam
1170 2838 1452 2923 cogitare
1497 2837 1798 2901 videntur
1839 2837 1974 2902 fore
2019 2844 2091 2902 ut
2137 2838 2259 2901 sibi
2302 2837 2569 2901 mortuis
2613 2837 2741 2901 iam
2786 2836 3164 2900 desiderium

725 2953 1022 3027 alicuius
1059 2954 1155 3018 rei
1221 2954 1392 3018 insit.
1483 2954 1767 3019 Stultos!
1864 2955 2038 3037 „Nec
2100 2954 2220 3018 sibi
2288 2954 2460 3018 enim
2523 2954 2856 3039 quisquam
2919 2959 3057 3017 tum
3100 2972 3163 3017 se

723 3071 1050 3157 vitamque
1116 3072 1425 3159 requirit,
1493 3093 1639 3137 cum
1705 3072 1947 3158 pariter
2012 3092 2194 3136 mens
2260 3077 2326 3135 et
2396 3091 2623 3157 corpus
2690 3071 2898 3156 sopita
2964 3070 3164 3157 quies-

725 3190 916 3253 cunt”
953 3190 1027 3273 ⁸).
1116 3189 1274 3255 Vita
1340 3196 1438 3254 est
1493 3191 1672 3276 quasi
1717 3190 2123 3255 convivium:
2193 3189 2460 3276 quisque
2505 3188 2775 3253 conviva
2820 3194 3045 3253 caveat
3086 3208 3163 3253 ne

722 3314 977 3393 tempus
1045 3309 1326 3374 abeundi
1368 3310 1586 3373 veniat
1630 3315 1973 3394 antequam
2018 3315 2193 3373 satur
2239 3309 2363 3372 sit:
2434 3328 2583 3371 nam
2628 3314 2880 3394 tempus
2924 3313 3164 3371 certum

723 3427 951 3514 cuique
999 3426 1218 3491 datum
1264 3432 1400 3509 est,
1449 3447 1593 3490 cum
1638 3426 1749 3490 alii
1796 3447 2047 3513 quoque
2095 3426 2318 3490 eodem
2365 3425 2641 3489 debeant
2687 3425 2978 3488 convivio
3008 3424 3161 3507 frui,

729 3544 1024 3630 „vitaque
1069 3544 1385 3630 mancipio
1430 3543 1589 3608 nulli
1636 3543 1823 3607 detur
1847 3593 1863 3626 ,
1913 3544 2204 3608 omnibus
2246 3542 2429 3607 usu”.
2518 3543 2619 3607 Ne
2665 3547 2879 3628 speret
2923 3541 3057 3606 fore
3096 3547 3165 3606 ut

724 3662 897 3726 aliud
942 3662 1304 3726 convivium
1351 3662 1496 3748 plus
1540 3661 1887 3748 voluptatis
1932 3661 2053 3726 sibi
2100 3662 2241 3745 det,
2288 3682 2435 3726 nam
2488 3660 2749 3743 „eadem
2782 3666 2929 3724 sunt
2958 3660 3166 3724 omnia

721 3782 1036 3866 semper’‘.
1128 3780 1254 3856 Qui
1321 3786 1496 3844 satur
1556 3786 1652 3843 est
1717 3800 1921 3865 aequo
1983 3780 2197 3843 animo
2252 3779 2464 3864 capiat
2509 3800 2797 3843 securam
2842 3778 3162 3865 quietem,

723 3902 789 3961 et
855 3896 965 3984 qui
1031 3896 1314 3961 nondum
1373 3902 1546 3961 satur
1590 3901 1689 3959 est
1733 3901 1997 3983 questus
2042 3896 2335 3978 omittat,
2404 3916 2551 3959 cum
2595 3895 2787 3981 culpa
2830 3917 2947 3960 sua
2991 3896 3163 3960 abire

725 4014 956 4079 debeat
1021 4021 1362 4102 antequam
1420 4014 1556 4078 vita
1598 4014 1840 4078 fructus
1886 4013 2008 4097 sit,
2078 4012 2229 4099 quia
2274 4033 2523 4099 semper
2567 4013 2800 4077 avebat
2844 4012 3017 4100 quod
3060 4013 3163 4078 ab·

723 4137 901 4215 erat,
947 4132 1309 4217 praesentia
1353 4130 1801 4195 contemnebat
1830 4130 1903 4213 4).

783 4470 828 4535 J)
897 4468 990 4519 111
1013 4504 1028 4531 ,
1063 4470 1158 4518 894
1193 4482 1330 4533 seqq.

786 4564 827 4627 2)
897 4563 963 4613 D.
997 4564 1056 4614 L.
1093 4562 1144 4613 X
1167 4598 1182 4625 ,
1219 4564 1329 4612 125.

789 4660 826 4718 ³)
895 4636 1019 4721 111}
1055 4660 1149 4707 912
1183 4673 1319 4723 seqq.

790 4752 830 4811 ⁴)
898 4751 1016 4812 ΙΙΙ,
1053 4753 1144 4799 931
1181 4765 1315 4814 seqq.
