3529 5359
1595 324 1676 387 79

404 525 595 589 nobis
659 525 1023 590 viventibus
1083 526 1455 611 contingant
1513 527 1740 610 malis,
1808 543 2133 614 nunquam
2178 531 2478 592 conatum
2523 547 2660 591 esse
2709 548 2858 592 ean-

407 642 558 707 dem
639 643 1013 707 methodum
1101 643 1405 708 adhibere
1425 693 1442 727 ‚
1528 651 1601 708 ut
1695 645 2007 728 originem
2072 645 2397 730 *opinionis
2472 644 2549 708 de
2626 645 2870 710 animo-

403 781 552 824 rum
596 760 1074 829 immortalitate
1117 761 1427 826 indicaret
1473 767 1538 825 et
1585 761 1982 847 explicaret,
2027 767 2101 825 ut
2146 762 2235 825 sic
2283 781 2425 825 eam
2469 761 2694 824 falsam
2730 781 2868 825 esse

406 877 892 942 demonstraret.
996 877 1093 942 Eo
1145 878 1351 962 magis
1395 877 1516 941 hoc
1562 879 1901 962 miramur,
1948 878 2247 964 quoniam
2292 878 2345 943 I.
2399 880 2520 942 132
2549 926 2568 960 ,Α
2612 877 2732 942 IV.
2784 881 2865 943 33

406 1001 478 1059 et
531 996 729 1079 alibi,
789 995 1102 1081 imprimis
1146 1002 1363 1059 autem
1409 994 1491 1059 V.
1542 997 1623 1060 62
1675 995 1828 1078 „sed
1872 997 2211 1060 simulacra
2255 996 2459 1060 solere
2506 995 2574 1059 in
2633 996 2869 1061 somnis

403 1110 630 1175 fallere
661 1118 977 1195 mentem,
1025 1131 1285 1175 cernere
1353 1131 1498 1174 cum
1543 1111 1877 1175 videamur
1922 1131 2101 1195 eum,
2148 1131 2338 1199 quem
2382 1113 2519 1175 vita
2564 1111 2866 1198 reliquit”

406 1233 477 1292 et
499 1228 620 1293 IV.
651 1231 773 1293 732
825 1279 854 1310 „
882 1277 896 1291 .
934 1277 948 1291 .
985 1277 998 1292 .
1047 1228 1340 1292 videmus
1372 1277 1386 1292 .
1421 1276 1436 1290 .
1474 1277 1489 1292 .
1536 1228 1995 1314 simulacraque
2043 1249 2303 1312 eorum,
2350 1249 2618 1315 quorum
2662 1235 2866 1294 morte

406 1347 588 1412 obita
633 1347 824 1410 tellus
869 1347 1275 1432 amplectitur
1319 1346 1498 1411 ossa’'
1526 1395 1543 1429 ‚
1591 1347 1909 1410 elementa
1954 1347 2262 1410 eiusmodi
2292 1346 2859 1431 argumentationis

402 1464 790 1529 invenimus.
879 1464 1177 1529 Fortasse
1224 1465 1276 1528 si
1320 1465 1531 1528 minus
1577 1470 1869 1528 accurate
1917 1469 1983 1528 et
2028 1465 2207 1551 quasi
2252 1464 2581 1528 humiliter
2624 1464 2860 1550 Epicu-

402 1601 553 1644 rum
622 1587 878 1645 secutus
947 1586 1114 1645 esset
1139 1630 1156 1664 ‚
1226 1602 1349 1668 quo
1409 1582 1603 1646 etiam
1645 1582 1885 1645 factum
1932 1588 2028 1645 est
2072 1588 2145 1646 ut
2189 1582 2491 1668 physicae
2539 1582 2861 1646 doctrinae

403 1699 581 1762 viam
629 1700 741 1763 vix
785 1704 897 1763 aut
941 1721 1265 1785 nunquam
1309 1699 1679 1785 reliquerit,
1725 1699 1863 1785 ipse
1909 1705 2100 1785 poeta
2119 1748 2136 1782 ‚
2184 1700 2292 1786 qui
2336 1700 2533 1764 animi
2578 1699 2855 1764 motibus

407 1821 476 1878 et
521 1815 906 1900 impulsibus
950 1821 1198 1879 tantum
1229 1815 1421 1879 studii
1455 1815 1842 1901 impenderit
1880 1815 1957 1899 ¹),
2004 1816 2252 1881 facilius
2281 1817 2349 1881 in
2373 1816 2493 1881 hoc
2526 1837 2862 1901 argumen-

403 1936 550 1995 tum
591 1932 936 1996 incidisset.

471 2300 511 2366 ¹)
582 2300 660 2351 cf.
694 2301 909 2365 exempli
939 2301 1100 2366 gratia
1127 2301 1329 2352 initium
1361 2303 1478 2353 libri
1511 2303 1571 2354 11
1604 2309 1654 2355 et
1686 2305 1779 2356 VI.
1798 2342 1812 2367 ,
1849 2308 1963 2357 693.
