3529 5359
2094 187 2312 238 ’,νέμον-ζ’,

1995 248 2053 283 f
2112 231 2312 287 axv-*³*
2380 224 2485 273 ³²-
2567 265 2618 286 -.

2300 289 2418 314 ιίὟι

1978 284 1994 306 ,¹
2584 258 2727 303 «μ’,Χ

1573 343 1654 406 47
1968 322 2076 383 'U
2103 329 2158 384 TN
2188 335 2215 386 ,ζ
2322 370 2345 391 ,,
2482 368 2512 380 .-
2674 304 2769 408 ms}

1967 349 2154 510 R
2416 395 2427 400 “
2478 391 2567 410 '¹⁴'
2596 392 2628 414 Δ·
2684 394 2706 421 ²·
2738 409 2763 452 l

2156 445 2253 504 ΟΛ,
2284 476 2313 510 53
2347 449 2737 540 ‘'⁵qu

396 543 792 627 μεταστάσεις
821 544 862 626 ,’
928 543 1096 630 quod
1165 544 1457 610 nonnulli
1527 545 1837 631 praebent
1884 546 2164 630 codices,
2213 526 2550 611 Leidensis
2595 547 2851 632 omittit)

397 667 752 728 ποιούντων
819 663 909 727 ἐπ’
976 661 1188 728 ἄλλον
1256 666 1498 742 τόπον,
1565 663 1644 730 ἄν
1707 665 1871 729 οὕτω
1934 669 2135 751 τύχῃ,
2206 671 2301 730 καὶ
2349 663 2741 751 ἐπαρδεύσεις
2787 645 2864 733 ἔκ.

397 809 587 845 τινων
647 782 929 866 ἐχόντων
997 769 1391 856 ἐτιϊιᾛὸειόυς1
1425 781 1542 854 ἕως
1588 781 1968 858 τελειώσεως
2018 787 2113 846 καὶ
2163 779 2496 866 διαμονῆς,
2566 784 2657 870 ἐφ’
2688 787 2847 850 ὅσον

397 897 473 963 ni
514 897 975 996 ,ὑποβληθέντα
1035 897 1288 977 θεμέλια
1335 899 1450 974 τὴν
1497 895 1873 984 προςδοχὴν
1922 897 2177 964 δύναται
2223 904 2537 966 ποιεῖσθαι
2572 897 2628 985 ¹).
2718 901 2847 966 Lu-

398 1007 658 1080 cretius
701 1014 778 1078 de
845 1013 1288 1078 intermundiis
1353 1013 1515 1077 nihil
1573 1014 1769 1078 refert
1794 1065 1810 1098 ,
1880 1037 2087 1101 neque
2146 1016 2223 1080 de
2270 1018 2443 1101 aliis,
2514 1040 2675 1105 quae
2720 1019 2846 1084 huc

397 1132 728 1197 referenda
801 1136 963 1195 sunt.
1072 1133 1176 1196 Sic
1252 1133 1530 1217 exempli
1600 1133 1806 1216 gratia
1880 1132 1950 1196 hi
2031 1133 2252 1227 mundi
2320 1156 2545 1205 omnes
2623 1136 2845 1201 eadem

399 1250 525 1314 sint
589 1250 790 1314 forma
854 1270 1098 1331 necne,
1169 1255 1232 1312 et
1299 1250 1556 1335 paribus
1619 1271 1700 1313 an
1766 1249 2115 1335 imparibus
2182 1251 2415 1316 distent
2458 1253 2845 1348 intervallis,

398 1366 514 1430 has
588 1366 986 1453 quaestiones
1051 1372 1242 1451 poeta
1298 1365 1710 1452 philosophus
1777 1368 2083 1451 praeterit
2120 1368 2200 1452 2);
2280 1369 2565 1433 doctrina
2632 1376 2847 1435 autem

396 1484 663 1571 requirit
729 1505 838 1547 eos
903 1484 1180 1568 impares
1228 1505 1366 1547 esse
1413 1490 1477 1548 et
1521 1484 1871 1569 imparibus
1918 1485 2272 1550 intervallis
2320 1486 2573 1552 distare.
2664 1489 2847 1553 Haec

399 1601 726 1683 doctrina,
787 1599 993 1685 inquit
1047 1606 1273 1684 poeta,
1344 1621 1494 1664 sane
1539 1601 1735 1684 vulgo
1782 1601 1943 1664 mira
1991 1602 2281 1684 videtur,
2330 1603 2440 1666 sed
2485 1625 2612 1667 non
2658 1625 2849 1690 quae-

395 1715 665 1780 rendum
725 1721 858 1798 est,
925 1714 1238 1779 mirumne
1307 1716 1546 1802 aliquid
1611 1716 1906 1781 videatur
1965 1739 2209 1801 necne,
2280 1718 2391 1782 sed
2453 1720 2847 1785 solummodo

398 1856 552 1910 num
595 1855 821 1897 verum
854 1833 942 1916 ³),
991 1839 1057 1896 et
1100 1833 1257 1898 haec
1306 1833 1590 1898 doctrina
1635 1841 1730 1898 est
1773 1835 2123 1900 verissima.
2202 1836 2308 1900 Ex
2352 1838 2546 1901 animi
2592 1859 2848 1924 persua-

399 1953 575 2016 sione
635 1951 704 2014 hi
746 1970 970 2016 versus
1015 1957 1080 2014 et
1125 1952 1232 2038 qui
1280 1959 1632 2038 sequuntur
1676 1975 1714 2017 a
1757 1960 1949 2038 poeta
1996 1960 2142 2017 sunt
2188 1955 2445 2041 scripti3
2516 1979 2553 2020 a
2597 1957 2849 2040 vulgari

402 2070 722 2134 doctrinae
767 2068 1011 2132 ratione
1080 2069 1270 2154 longe
1339 2070 1600 2134 absunt:
1675 2078 1773 2134 est
1840 2073 2003 2136 vatis
2074 2093 2319 2155 sermO,
2390 2095 2580 2159 quem
2625 2057 2851 2160 pectus

397 2188 550 2252 facit
631 2187 954 2252 disertum.
1065 2187 1451 2252 Huiusmodi
1544 2194 1760 2251 autem
1859 2189 2468 2274 contemplationeS,
2546 2213 2707 2278 quae
2782 2192 2851 2254 in

401 2308 684 2371 omnium
751 2329 964 2372 rerum
1029 2307 1412 2370 brevitatem
1474 2312 1538 2370 et
1585 2305 1979 2370 debilitatem
2026 2307 2301 2390 cadunt,
2373 2315 2445 2371 ut
2490 2317 2679 2374 antea
2721 2311 2851 2375 iam

398 2425 795 2508 monuimuS‚
862 2446 1007 2488 611111
1073 2423 1352 2492 maxime
1421 2424 1708 2486 Lucretii
1756 2424 2039 2488 animum
2083 2426 2341 2490 tristitia
2386 2433 2450 2490 et
2472 2439 2475 2441 ’
2494 2428 2652 2491 miro
2700 2450 2852 2515 quo-

403 2542 548 2606 dam
615 2542 846 2626 gaudio
915 2541 1101 2605 simul
1168 2540 1450 2605 affecisse
1523 2541 1839 2605 videntur.
1930 2543 2337 2629 Empedoclis
2400 2566 2653 2609 carmen
2698 2567 2853 2609 num

399 2659 505 2725 hic
549 2666 805 2747 poetam
866 2660 944 2724 ob
992 2660 1206 2723 oculos
1250 2658 1549 2725 habuisse
1606 2660 2014 2725 statuendum
2042 2661 2156 2744 sit,
2209 2668 2433 2748 postea
2469 2662 2847 2727 videbimus,

489 2762 836 2863 Postquam
901 2778 1062 2841 forte
1132 2778 1326 2841 atomi
1393 2778 1462 2841 in
1515 2778 1704 2842 huius
1749 2778 1970 2842 mundi
2020 2780 2291 2864 primam
2339 2781 2847 2866 complexionem

402 2897 887 2978 confluxerunt,
943 2901 1086 2981 post
1137 2902 1426 2981 „tempus
1472 2896 1791 2980 genitale'’
1841 2917 1987 2960 cum
2031 2897 2236 2982 prima
2279 2897 2461 2960 initia
2506 2897 2695 2981 huius
2750 2920 2847 2962 or-

472 3132 510 3196 l)
582 3131 645 3181 In
691 3136 924 3195 sequente
968 3130 1273 3195 paragrapho
1325 3134 1419 3191 (90)
1465 3132 1713 3196 Epicurus
1761 3137 2016 3196 oppugnat
2046 3130 2310 3197 physicum
2344 3132 2616 3196 quendam:
2654 3134 2715 3185 οὐ
2750 3136 2845 3199 γὰρ

403 3227 687 3290 ἀθροισμὸν
728 3225 800 3276 δεῖ
841 3230 1000 3289 μόνον
1039 3227 1274 3291 γενέσθαι
1325 3227 1439 3278 οὐδὲ
1496 3226 1638 3277 δῖνον
1692 3226 1748 3276 ἐν
1788 3225 1827 3291 ᾦ
1880 3226 2137 3291 ἐνδέχεται
2187 3227 2376 3291 κόσμον
2432 3230 2661 3291 γίνεσθαι
2720 3230 2849 3292 κενῷ

405 3324 538 3370 κατὰ
593 3325 651 3372 τὸ
692 3318 1032 3385 δοξαζόμενον
1079 3322 1126 3377 ἐξ
1165 3320 1423 3387 ἀνάγκης,
1470 3323 1713 3378 αὔξεσθαι
1750 3324 1798 3369 θ’
1826 3321 1915 3380 ἕως
1952 3323 2018 3372 ἂν
2056 3321 2208 3386 ἑτέρῳ
2240 3322 2590 3386 προεκρούσῃ,
2616 3323 2847 3388 καθάπερ

407 3421 512 3466 τῶν
565 3421 782 3480 φυσικῶν
839 3418 1162 3480 καλουμένων
1219 3420 1340 3480 φησί
1392 3435 1484 3473 τις.
1571 3416 1722 3465 Hunc
1778 3415 2041 3481 physicum
2095 3414 2403 3478 Leucippum
2446 3430 2582 3475 esse,
2638 3431 2852 3480 quocum

405 3510 462 3560 in
532 3510 642 3560 aliis
689 3510 916 3575 plurimis
987 3510 1306 3572 concinebat,
1365 3510 1554 3561 videbis
1610 3527 1637 3560 e
1686 3512 1753 3561 D.
1812 3510 1866 3560 L.
1912 3510 2021 3571 IX,
2077 3514 2105 3559 6
2126 3547 2139 3570 ‚
2205 3514 2294 3558 31:
2344 3512 2575 3577 γίνεσθαι
2625 3511 2673 3561 δὲ
2728 3512 2850 3569 τοὺς

407 3607 626 3670 κόσμους
669 3606 800 3657 οὕτω
828 3605 1091 3671 ’φέρεσθαι
1149 3610 1257 3657 κατ’
1318 3606 1596 3671 ἀποτομὴν
1633 3608 1685 3655 ἐκ
1726 3610 1821 3666 τῆς
1854 3603 2070 3668 ἀπείρου
2132 3608 2307 3657 πολλὰ
2362 3606 2850 3656 σώιιαταεπαντοῖα

409 3706 518 3761 τοῖς
574 3704 834 3767 σχήμασιν
879 3702 948 3761 εἰς
987 3703 1114 3767 μέγα
1156 3706 1336 3763 κενόν,
1384 3704 1512 3766 ἅπερ
1552 3702 1901 3765 ἀθροισθέντα
1942 3701 2089 3761 δίνην
2120 3700 2500 3766 ἀπεργάζεσθαι
2539 3700 2687 3764 μίαν,
2732 3702 2845 3767 καθ’

407 3800 476 3859 ἣν
519 3799 908 3863 προσκρούοντα
964 3800 1062 3861 καὶῪ
1093 3798 1442 3856 παντοδαπῶς
1494 3797 1810 3861 κυκλούμενα
1866 3796 2211 3861 διακρίνεσθαι
2253 3800 2411 3861 χωρῖς
2442 3799 2503 3845 τὰ
2532 3798 2678 3860 ὅμοια
2720 3800 2850 3861 πρὸς

409 3896 474 3945 τὰ
510 3895 669 3957 ὅμοια.
735 3894 815 3943 Ex
847 3892 936 3942 illo
969 3892 1245 3958 ,,φέρεσθαι
1286 3892 1353 3951 εἰς
1400 3892 1527 3958 μέγα
1556 3892 1735 3943 κενόν”
1772 3890 1921 3941 simul
1953 3890 2121 3941 videre
2154 3890 2271 3940 licet
2302 3889 2357 3939 in
2390 3892 2411 3955 §
2447 3893 2534 3939 89:
2571 3892 2656 3941 καὶ
2685 3892 2779 3942 οὐκ
2795 3892 2851 3943 ἐν

407 3991 609 4055 μεγάλῳ
655 3989 914 4053 εἰλικρινεῖ
965 3990 1050 4039 καὶ
1095 4006 1152 4039 κε
1169 3990 1254 4053 νῷ
1291 3987 1557 4051 legendum
1600 4002 1728 4047 esse,
1774 3988 1905 4050 quod
1940 3987 2090 4035 codex
2128 3985 2267 4036 Leid.
2308 3985 2458 4036 habet
2496 3991 2547 4036 et
2577 4002 2667 4036 nos
2702 4003 2852 4050 supra

407 4082 716 4133 defendimus
731 4119 744 4144 ‚
779 4098 939 4148 neque
971 4088 1030 4133 ut
1063 4082 1172 4133 viro
1210 4082 1482 4132 clarissimo
1521 4082 1720 4141 Cobet0,
1762 4080 2087 4130 Meibomium
2126 4085 2294 4130 secuto
2312 4117 2325 4141 ‚
2365 4080 2530 4130 visum
2552 4086 2627 4131 est
2663 4081 2847 4147 ἀκὲνῳ.

473 4178 512 4238 ²)
580 4179 644 4229 D.
701 4179 758 4228 L.
815 4178 892 4238 X,
949 4182 1039 4227 46:
1079 4178 1253 4242 κόσμοι
1419 4176 1510 4227 εἶθ’
1549 4179 1710 4242 ὅμοιοι
1743 4176 1911 4241 τούτῳ
1950 4179 2035 4226 εἶτ’
2080 4176 2306 4238 ἀνόμοιοι
2334 4211 2345 4223 .
2374 4214 2423 4227 ..
2464 4176 2595 4226 Stob.
2645 4176 2750 4226 Ecl.
2790 4175 2847 4238 Ῑ,

407 4288 523 4336 pag.
565 4275 674 4321 498.
722 4278 833 4322 Τῶν
889 4272 928 4322 δ’
957 4272 1198 4336 ἀπείρους
1248 4272 1664 4336 ἀποφηναμένων
1723 4273 1842 4329 τοὺς
1904 4273 2121 4335 κόσμους
2190 4269 2594 4335 Ἀναξίμανδρος
2640 4274 2699 4320 τὸ
2731 4272 2849 4322 ἴσον

409 4369 602 4425 αὐτοὺς
634 4368 845 4432 ἀπέχειν
888 4365 1170 4427 ἀλλήλων,
1210 4367 1508 4430 Ἐπίκουρος
1547 4368 1728 4415 ἄνισον
1768 4368 1894 4414 εἶναι
1932 4369 1989 4416 τὸ
2012 4366 2196 4428 μεταξὺ
2224 4370 2325 4414 τῶν
2348 4366 2549 4428 κόσμων
2576 4364 2845 4428 διάστημα.

477 4462 513 4523 ³)
580 4464 662 4514 Vs.
703 4465 824 4511 1023
866 4477 985 4526 seqq
1067 4462 1184 4510 Non
1218 4460 1384 4510 minus
1424 4461 1602 4511 diserte
1642 4460 1889 4523 Epicurus
1943 4459 2015 4509 ait
2053 4458 2213 4509 simile
2252 4459 2373 4524 quid
2395 4460 2527 4523 apud
2552 4460 2687 4511 Stob.
2714 4460 2849 4510 Flor.

413 4559 521 4620 IV,
584 4561 694 4609 218.
763 4560 835 4609 Οὐ
894 4559 1290 4623 προσποιεῖσθαι
1351 4555 1423 4606 δεῖ
1478 4558 1787 4622 φιλοσοφεῖν,
1857 4556 1980 4607 ἀλλ’
2053 4556 2215 4615 ὄντως
2275 4560 2600 4622 φιλοσοφεῖν,
2654 4558 2713 4607 οὐ
2754 4559 2850 4622 γὰρ

414 4654 762 4720 προσδεόμεθα
802 4656 892 4703 τοῦ
941 4651 1106 4704 δοκεῖν
1145 4643 1424 4718 ὑγιαίνειν,
1470 4651 1612 4705 ἀλλὰ
1652 4654 1740 4700 τοῦ
1788 4654 1898 4701 κατ’
1940 4650 2196 4711 ἀλήθειαν
2228 4649 2491 4717 ὑγιαίνειν.
