3529 5359
1988 223 2008 236 κ
2057 187 2264 248 ‘1³‘sz
2347 199 2390 235 ·'·
2602 241 2606 248 .

1936 243 2174 356 1:1⁸3.-
2224 318 2251 344 ι.
2301 269 2414 296 ‘⁹'
2484 251 2492 262 ,·
2568 247 2733 376 ’γ’κχ

1645 356 1722 418 21
1936 350 1946 369 “
2152 345 2171 364 ”
2446 340 2455 348 ’
2558 370 2575 398 -·
2637 351 2729 408 Ξ·-

1944 374 2323 500 &far-r*
2364 456 2371 465 ·
2409 469 2422 490 Ἴ,
2484 451 2489 459 2
2605 403 2723 496 χ’

2257 515 2266 520 -
2405 475 2410 504 i
2454 470 2586 519 '‘⁸⁸'ae

2441 520 2484 530 ..s-

470 555 670 640 pellat
714 561 906 641 poeta
949 576 1222 620 vacuum
1249 576 1385 619 rem
1417 557 1467 638 ¹)
1494 579 1511 639 ;
1555 555 1825 620 fortasse
1854 562 2116 642 propter
2168 523 2562 641 „egestatem
2594 557 2917 642 linguae”.

471 671 567 736 Ut
604 671 723 736 hoc
763 678 976 736 autem
1005 679 1222 737 contra
1247 693 1356 736 eos
1401 672 1739 738 affirmavit
1786 673 2237 759 philosophos,
2285 673 2394 760 qui
2440 674 2765 758 negabant
2810 696 2918 739 va-

400 801 411 808 ·
471 811 660 854 cuum
703 789 878 854 aliud
923 811 1060 855 esse
1105 811 1295 876 quam
1340 811 1469 855 non
1513 811 1652 855 esse
1683 790 1728 875 ²)
1755 841 1771 874 ‚
1829 791 1918 855 sic
1964 791 2297 876 sequentia
2340 791 2650 876 imprimis
2694 791 2916 858 adver-

471 929 576 970 sus
641 907 886 972 Stoicos
951 907 1220 992 scripsit.
1311 907 1628 972 Distinxit
1696 907 1868 971 enim
1936 907 2315 989 Lucretius,
2406 907 2757 993 Epicurum
2819 929 2915 973 se·
3004 946 3007 950 ι

472 1029 690 1107 cutus,
760 1044 898 1088 esse
941 1024 1009 1088 in
1055 1025 1181 1090 alia
1223 1045 1329 1107 re,
1377 1031 1443 1088 et
1487 1046 1625 1090 esse
1671 1046 1787 1111 per
1832 1045 1920 1088 se.
1988 1023 2136 1090 Non
2179 1030 2377 1109 negat
2420 1030 2675 1110 praeter
2717 1032 2917 1090 mate-

469 1141 629 1204 riem
672 1147 738 1205 et
781 1162 1053 1206 vacuum
1097 1143 1224 1206 alia
1267 1163 1406 1206 esse
1435 1191 1452 1225 ,
1512 1140 1624 1206 sed
1669 1163 1748 1206 ea
1793 1163 1931 1205 esse
1978 1161 2092 1227 per
2137 1161 2205 1205 se
2224 1190 2240 1223 ,
2288 1141 2574 1206 confiteri
2618 1149 2910 1207 recusat:

473 1279 906 1344 quaecumque
974 1264 1228 1344 praeter
1293 1259 1452 1323 haec
1523 1259 1646 1323 duo
1700 1264 1883 1341 sunt,
1954 1264 2065 1324 aut
2110 1259 2449 1322 coniuncta
2494 1264 2640 1323 sunt
2682 1260 2871 1324 rebus
2897 1309 2914 1342 ,

471 1382 582 1441 aut
649 1397 866 1441 earum
933 1383 1164 1442 eventa
1191 1377 1276 1460 ³):
1323 1376 1690 1459 coniuncta,
1738 1398 1883 1442 cum
1929 1399 1966 1440 a
2010 1397 2271 1462 corpore
2318 1377 2560 1442 secerni
2604 1398 2732 1441 non
2774 1398 2916 1463 pos-

472 1499 620 1558 sunt
663 1495 786 1558 nisi
829 1495 1188 1578 intereant,
1257 1503 1329 1560 ut
1381 1497 1664 1582 „pondus
1711 1498 1891 1579 saxi,
1962 1497 2133 1562 calor
2177 1497 2377 1582 ignis,
2442 1497 2646 1583 liquor
2690 1498 2914 1584 aquai,

469 1616 677 1675 tactus
721 1613 1088 1697 corporibus
1133 1615 1376 1678 cunctis
1403 1663 1419 1696 ,
1479 1615 1756 1679 intactus
1818 1615 2039 1678 inani”
2073 1612 2162 1697 4);
2234 1620 2467 1680 eventa
2509 1621 2724 1679 autem
2769 1620 2917 1679 sunt

470 1727 631 1794 11666
652 1778 669 1811 ,
723 1751 1028 1815 „quorum
1058 1731 1340 1795 adventu
1368 1737 1586 1796 manet
1616 1732 1951 1796 incolumis
1979 1737 2209 1796 natura
2238 1731 2610 1817 abituque”,
2657 1737 2730 1796 ut
2760 1754 2914 1817 pau-

472 1853 727 1932 1161166,
794 1847 1075 1931 bellum,
1146 1849 1498 1914 concordia.
1589 1849 2019 1936 Appellantur
2080 1848 2239 1914 haec
2308 1849 2386 1914 ab
2440 1849 2719 1935 Epicuro
2766 1879 2915 1932 συμ-

473 1963 767 2045 πτώματα
788 2012 806 2040 ,
876 1965 989 2029 1116
1047 1971 1260 2030 61116111
1329 1964 1783 2054 συμβεβηκότα
1814 1965 1879 2049 ⁵).
1968 1967 2147 2030 Inter
2194 1971 2427 2030 eventa
2470 1972 2723 2052 tempus
2765 1988 2916 2053 quo-

540 2227 574 2282 ι)
644 2226 697 2287 I,
733 2229 844 2276 420.

537 2320 573 2378 2)
643 2320 958 2372 Democritus
995 2321 1176 2386 (Zeller
1209 2321 1236 2371 1
1251 2358 1266 2382 ,
1301 2323 1395 2374 578
1431 2321 1588 2386 seqq.)
1622 2325 1674 2370 et
1708 2319 1879 2371 Stoici.

534 2417 575 2479 ³)
644 2417 708 2467 D.
744 2416 802 2466 L.
842 2418 918 2477 X,
955 2420 1051 2466 402
1088 2420 1231 2481 παρὰ
1265 2415 1315 2468 δὲ
1351 2419 1516 2467 ταῦτα
1549 2416 1698 2468 οὐδὲν
1737 2417 2079 2477 ἐπινοηθῆναι
2121 2415 2371 2468 δύναται.
2392 2453 2403 2467 .
2425 2454 2436 2467 .
2472 2416 2541 2476 ὡς
2562 2420 2627 2467 τὰ
2649 2418 2917 2478 καθ’ὅλας

471 2515 644 2582 φύσεις
680 2512 1053 2579 λαμβανόμενα
1087 2513 1175 2562 καὶ
1207 2514 1274 2574 μὴ
1309 2513 1374 2570 ὡς
1409 2514 1473 2561 τὰ
1509 2511 1705 2563 τούτων
1738 2514 2091 2576 συμπτώματα
2127 2512 2156 2571 ἦ
2192 2511 2554 2576 συμβεβηκότα
2591 2514 2850 2579 λεγόμενα.

534 2611 575 2676 ⁴)
645 2613 739 2660 453
777 2625 883 2674 sqq.
952 2607 1147 2658 Iniuria
1186 2607 1417 2658 ultimum
1453 2623 1649 2658 versum
1684 2607 1851 2658 delent
1882 2607 2085 2657 Lachm.
2110 2611 2161 2656 et
2184 2606 2329 2656 Bern.
2381 2607 2567 2672 (Mum.
2592 2623 2707 2656 eum
2728 2613 2914 2671 servat)

471 2706 590 2773 quia
610 2706 890 2767 „intactus”
916 2706 1070 2755 latine
1102 2703 1201 2755 dici
1232 2721 1334 2755 non
1353 2704 1508 2769 possit
1529 2721 1540 2753 z
1577 2703 1702 2754 mihi
1727 2703 1927 2768 quidem
1948 2702 2146 2753 videtur
2166 2702 2259 2753 hoc
2281 2703 2577 2753 vocabulum
2599 2704 2661 2753 ab
2682 2703 2790 2767 ipso
2812 2704 2915 2754 Lu-

469 2800 622 2852 cretio
653 2800 911 2851 brevitatis
943 2817 1093 2851 causa
1123 2799 1384 2850 inventum
1417 2816 1522 2850 esse
1537 2836 1550 2860 ,
1585 2804 1644 2849 ut
1674 2799 1877 2849 haberet
1910 2799 2042 2863 quod
2072 2797 2232 2849 tactui
2264 2804 2539 2862 opponeret
2571 2800 2738 2851 eodem
2772 2802 2917 2851 modo

470 2901 620 2962 atque
664 2895 812 2947 inane
859 2901 911 2947 et
959 2912 1160 2961 corpora
1203 2896 1335 2976 inter
1383 2911 1435 2945 se
1477 2900 1596 2945 sunt
1637 2894 1877 2960 opposita.
1948 2894 2211 2944 Praeterea
2240 2898 2318 2944 est
2348 2893 2565 2958 primum
2597 2894 2915 2946 coniunctum

470 3008 727 3056 corporum
779 2997 943 3043 tactus
959 3028 972 3052 ,
1029 2996 1087 3042 ut
1131 2990 1294 3042 inanis
1326 2996 1402 3042 est
1433 2992 1564 3055 quod
1595 2990 1736 3054 tangi
1779 3006 1881 3040 non
1911 2993 2088 3053 potest.
2160 2989 2297 3040 Sext.
2330 2990 2476 3053 Emp.
2510 2991 2623 3040 adv.
2658 2991 2811 3041 math.
2848 2994 2914 3043 X.

473 3089 583 3137 321.
635 3085 842 3150 Epicuri
872 3086 1025 3136 verba
1055 3085 1280 3146 laudans,
1313 3083 1443 3135 inter
1475 3084 1838 3149 συμβεβηκότα
1870 3083 2096 3134 66161661
2118 3082 2396 3134 ἀντιτυπία
2422 3086 2515 3149 μὲν
2539 3087 2628 3135 τοῦ
2654 3086 2914 3150 σώματος,

471 3182 588 3239 eliac
623 3180 674 3231 δὲ
712 3184 801 3233 τοῦ
836 3182 1014 3232 κενοῢε
1071 3180 1240 3245 itaque
1280 3184 1412 3229 recte
1461 3183 1606 3243 putat
1654 3178 1897 3229 Munrous
1950 3176 2239 3228 Lucretium
2290 3193 2379 3242 pro
2425 3178 2519 3228 hoc
2553 3179 2673 3238 εἶξις
2705 3182 2915 3230 intactus

468 3291 746 3339 usurpasse.

537 3372 581 3437 ⁵)
652 3370 896 3421 Munrous
927 3375 1079 3435 negat
1108 3368 1379 3433 Epicurum
1411 3369 1505 3419 hoc
1538 3367 1802 3419 discrimen
1833 3368 2007 3418 fecisse
2037 3372 2278 3433 putatque
2310 3368 2375 3417 ab
2403 3367 2513 3432 ipso
2544 3367 2779 3419 Lucretio
2811 3369 2914 3419 fac-

467 3472 577 3517 tum
608 3481 728 3526 esse,
762 3472 822 3515 ut
853 3464 1148 3515 discerneret
1179 3466 1277 3515 duo
1316 3480 1495 3529 genera
1517 3464 1919 3529 συμβεβηκότων
1954 3463 2034 3513 vel
2072 3462 2403 3513 accidentium
2424 3500 2437 3523 ,
2476 3479 2651 3527 nempe
2684 3479 2759 3525 ea,
2790 3480 2917 3529 quae

469 3566 589 3611 sunt
630 3560 885 3613 εαθάὑτά
916 3560 999 3610 vel
1035 3574 1124 3623 per
1165 3576 1246 3620 se,
1299 3564 1351 3609 et
1388 3574 1514 3624 111166
1551 3574 1651 3608 666
1691 3561 1811 3607 sunt
1851 3573 1939 3621 per
1968 3572 2034 3606 se.
2099 3556 2296 3606 Testem
2337 3556 2481 3607 affert
2523 3556 2688 3620 ipsum
2728 3557 2913 3621 Epicu-

469 3673 582 3706 rum
619 3656 686 3705 D.
727 3655 786 3705 L.
829 3656 910 3717 X,
947 3659 1038 3716 40,
1076 3656 1154 3714 67,
1209 3658 1306 3716 68,
1344 3657 1437 3715 70,
1478 3656 1536 3706 71
1579 3658 1630 3703 61
1671 3654 1808 3703 Sext.
1854 3653 1998 3715 Emp.
2039 3652 2151 3701 adv.
2188 3651 2421 3701 1116111616.
2458 3652 2538 3713 X,
2590 3655 2701 3701 221.
2768 3653 2913 3703 Atta-

468 3768 583 3804 men
620 3750 742 3801 mihi
775 3767 876 3801 non
901 3750 1159 3814 persuasit.
1227 3749 1494 3800 Videamus
1527 3764 1648 3798 num
1687 3747 1935 3811 Epicurus
1954 3784 1967 3807 ,
2002 3747 2090 3813 qui
2123 3752 2289 3797 monet
2308 3762 2373 3797 ne
2394 3746 2780 3811 significationes
2803 3764 2913 3799 ver-

468 3844 644 3895 borum
677 3845 1035 3895 confundamus
1055 3880 1068 3904 ,
1102 3849 1268 3894 tamen
1299 3842 1405 3907 ipse
1437 3858 1526 3906 pro
1557 3843 1728 3892 eadem
1759 3858 1813 3891 re
1846 3843 1943 3892 duo
1977 3842 2291 3905 usurpaverit
2322 3840 2577 3893 vocabula.

535 3939 599 3989 In
645 3936 668 4001 θ
705 3942 766 3988 68
809 3954 943 4003 seqq.
997 3941 1060 3988 τὰ
1094 3940 1337 4004 σχήματα
1372 3938 1456 3988 καὶ
1499 3940 1563 3988 τὰ
1599 3939 1845 4003 χρώματα
1878 3938 1963 3987 καὶ
1997 3940 2061 3987 τὰ
2096 3937 2279 4003 μεγέθη
2316 3938 2401 3986 καὶ
2438 3938 2501 3985 τὰ
2532 3934 2698 3999 βαρέα
2732 3936 2913 3987 ὡσανεὶ

469 4032 928 4099 συμβεβηκότα
961 4032 1300 4097 appellantur,
1335 4038 1484 4097 atque
1516 4030 2030 4095 deiispraedicatur‚
2070 4046 2130 4081 ea
2164 4046 2269 4081 esse
2312 4030 2542 4096 quidem,
2578 4031 2664 4081 sed
2704 4046 2917 4094 nonper

469 4144 523 4179 se
540 4165 555 4190 ,
594 4144 754 4194 neque
795 4133 962 4179 tamen
1001 4144 1106 4179 esse
1144 4133 1306 4191 partes
1345 4143 1601 4192 corporum
1615 4163 1629 4189 ,
1669 4128 1742 4177 ita
1762 4131 1823 4177 ut
1855 4126 1977 4177 haec
2012 4142 2076 4176 ex
2113 4124 2216 4176 illis
2254 4125 2356 4176 sint
2393 4124 2687 4190 composita:
2746 4124 2913 4190 potius

469 4229 590 4274 sunt
615 4240 780 4274 rerum
819 4224 1158 4288 proprietates,
1208 4239 1237 4273 e
1268 4222 1450 4289 quibus
1493 4222 1722 4273 omnibus
1772 4226 2061 4286 perpetuam
2116 4220 2302 4271 habent
2350 4236 2491 4271 suam
2550 4225 2810 4271 naturam:
2858 4222 2912 4272 ἐκ

471 4319 670 4370 τούτων
704 4320 952 4371 ἁπάντων
985 4320 1082 4380 τήν
1115 4320 1294 4370 ἑαυτοῦ
1317 4319 1470 4385 φύσιν
1491 4318 1613 4383 ἕχον
1637 4318 1805 4369 ἀΐδιον
1840 4315 1888 4382 (ᾧ
1914 4317 2016 4383 69).
2064 4319 2149 4367 καὶ
2182 4315 2435 4379 ἐπιβολὰς
2458 4316 2548 4379 μὲν
2570 4316 2755 4381 ἔχοντα
2782 4315 2913 4376 ἰδίας

470 4418 643 4467 πάντα
672 4416 814 4465 ταῦτ’
853 4413 962 4466 ἐστὶ
995 4416 1081 4465 καὶ
1113 4412 1381 4478 διαλήψεις
1400 4451 1410 4463 .
1433 4449 1444 4464 .
1468 4448 1480 4461 .
1499 4450 1512 4465 .
1550 4412 1748 4477 οὐδαμῆ
1784 4412 2187 4477 ἀποσχιζομένου
2220 4414 2330 4471 (τοῦ
2364 4413 2587 4476 ἀθρόου).
2656 4410 2914 4475 Contingit

471 4526 591 4561 vero
612 4508 896 4574 corporibus
930 4525 1090 4573 saepe,
1113 4513 1172 4559 ut
1200 4524 1301 4559 666
1346 4507 1666 4571 sempiternas
1698 4507 1915 4557 habeant
1954 4506 2217 4572 qualitates
2240 4509 2365 4567 ‹7o›:
2400 4508 2525 4558 ὥστε
2549 4506 2612 4568 δὴ
2651 4508 2783 4557 κατὰ
2815 4509 2913 4568 τὴν

473 4606 729 4667 πλείστην
760 4608 922 4671 φορὰν
979 4602 1028 4671 (θ
1064 4605 1126 4657 67
1178 4619 1391 4669 quoque,
1430 4603 1486 4653 in
1515 4602 1803 4653 definitione
1842 4602 2073 4653 vocabuli
2103 4605 2408 4668 ἀσώματοντ
2455 4604 2586 4652 κατὰ
2629 4603 2726 4662 τὴν
2770 4602 2911 4653 πλεί-

473 4720 603 4763 στην
625 4698 844 4766 ὁμιλίαν)
880 4700 1047 4766 τούτῳ
1068 4702 1144 4765 τῷ
1171 4702 1382 4764 ὀνόματι
1415 4701 1660 4765 χρώμενοι
1691 4703 1916 4764 φανερὸν
1949 4701 2195 4764 ποιοῦμεν
2228 4699 2303 4747 τὰ
2335 4698 2734 4762 συμπτώματ’
2772 4697 2911 4748 οὔτε
