3529 5359
1777 361 1903 424 186

610 581 761 626 men
813 567 1106 626 naturam
1124 611 1141 644 ,
1189 583 1354 648 quae
1399 566 1628 648 poetae
1673 563 1872 626 animi
1915 563 2235 648 impetum
2279 563 2679 649 philosophis
2709 564 3067 650 praeceptis

610 678 943 765 comprimi
1001 679 1295 744 noluerit.
1327 701 1332 708 ·
1387 680 1630 744 Poetae
1699 680 1929 744 ardens
2004 686 2069 746 et
2138 680 2394 744 fervens
2468 681 2803 765 ingenium
2874 701 3067 766 saepe

611 797 838 861 mediis
902 797 970 861 in
1035 796 1354 881 languidis
1409 797 1662 882 placitis
1707 798 2108 884 exponendis
2152 799 2363 863 subito
2409 799 2791 884 prorumpit.
2882 798 3067 872 Quod

615 919 832 979 autem
859 914 1173 1000 imprimis
1203 915 1478 1000 legentis
1507 915 1794 978 animum
1824 915 2084 1001 corripit
2116 922 2213 979 est
2248 915 2691 998 vehementia,
2738 937 2865 1002 qua
2892 922 3066 979 vete-

615 1052 752 1096 rem
839 1032 1221 1116 religionem
1309 1033 1646 1118 impugnat
1711 1053 2019 1118 suamque
2082 1032 2444 1096 doctrinam
2512 1032 2812 1096 defendit.
2921 1033 3066 1098 Hoc

615 1153 933 1212 certamen
1002 1153 1223 1212 contra
1290 1147 1444 1212 deos
1507 1147 1841 1212 hominum
1903 1148 2259 1212 cervicibus
2304 1148 2485 1234 quasi
2532 1170 2692 1212 onus
2738 1149 3068 1234 impositos

614 1271 712 1330 est
775 1265 1138 1348 vinculum,
1197 1265 1366 1352 quod
1433 1287 1655 1330 omnes
1722 1267 2021 1331 carminis
2066 1273 2283 1352 partes
2328 1266 2706 1350 coniungit,
2782 1273 2879 1330 est
2922 1287 3068 1331 cen-

617 1389 788 1448 trum
852 1405 888 1448 e
935 1405 1059 1470 quo
1106 1405 1325 1448 omnes
1367 1382 1530 1448 radii
1575 1384 1658 1448 ad
1701 1384 2040 1448 circuitum
2085 1384 2345 1448 ducunt.
2438 1385 2623 1449 Haec
2674 1384 3069 1470 superstitio-

615 1501 714 1564 nis
757 1521 975 1587 pugna
1032 1501 1438 1588 eloquentem
1483 1522 1633 1564 eum
1692 1500 1938 1582 reddit,
1996 1501 2089 1564 ita
2133 1508 2205 1564 ut
2252 1500 2529 1566 Suadam
2574 1502 2643 1564 in
2693 1501 2888 1566 labris
2934 1501 3071 1566 eius

619 1618 836 1683 sedem
881 1619 1118 1683 habere
1165 1619 1338 1683 dicas
1360 1668 1376 1701 ‚
1441 1639 1588 1682 nam
1633 1619 1772 1704 ipse
1818 1618 2135 1704 quondam
2180 1619 2259 1682 iis
2304 1619 2575 1683 vinculis
2622 1626 2758 1683 erat
2802 1619 3069 1703 ligatus,

615 1759 653 1802 6
699 1738 928 1823 quibus
957 1738 1114 1802 alios
1144 1737 1417 1800 liberare
1449 1735 1644 1821 cupit.
1695 1735 1942 1799 Graves
1972 1735 2518 1822 vehementesque
2550 1737 2791 1801 debent
2823 1736 3071 1802 dolores

621 1859 686 1918 et
731 1874 1003 1938 angores
1046 1853 1218 1918 hunc
1275 1853 1557 1918 animum
1619 1873 1889 1916 vexasse
1936 1859 2001 1916 et
2047 1853 2337 1917 turbasse
2356 1903 2372 1936 ,
2420 1860 2763 1939 antequam
2808 1853 3072 1939 Epicuri

621 1970 923 2058 ἀταραξία
949 1972 1010 2035 61
1039 1971 1460 2056 contingeret,
1503 1976 1848 2056 antequam
1880 1971 2241 2034 exclamare
2273 1977 2520 2055 posset:
2574 1993 2725 2051 „nos
2755 1977 3074 2056 exaequat

620 2089 888 2153 victoria
945 2088 1184 2153 cae10.”
1277 2089 1444 2152 Tum
1511 2094 1732 2152 noctes
1800 2089 2093 2172 vigilavit
2155 2108 2411 2152 serenas
2452 2086 2487 2170 ¹)
2542 2089 2696 2174 quin
2758 2087 2952 2152 etiam
3004 2089 3073 2151 in

621 2205 859 2270 somnis
903 2204 1025 2270 hoc
1074 2205 1209 2290 egit
1251 2212 1324 2269 ut
1367 2211 1663 2268 naturam
1709 2210 2046 2290 quaereret
2090 2224 2304 2268 rerum
2335 2203 2385 2286 2)
2451 2210 2515 2267 et
2560 2204 2889 2268 inventam
2934 2225 3074 2268 ver-

623 2322 796 2387 sibus
863 2328 1234 2409 exponeret.
1331 2323 1696 2404 „Floriferis
1758 2328 1831 2385 ut
1876 2342 2027 2407 apes
2071 2323 2136 2385 in
2186 2321 2453 2385 saltibus
2499 2321 2711 2385 omnia
2755 2321 2958 2385 libant
2988 2325 3073 2404 ³),

623 2441 713 2504 sic
773 2439 882 2504 diu
951 2439 1252 2526 dulcique
1323 2440 1704 2525 conquisivit
1747 2439 1966 2503 labore
1990 2437 2041 2522 4)
2127 2459 2211 2502 ex
2255 2438 2474 2502 multis
2518 2438 2782 2522 Epicuri
2827 2438 3076 2523 scriptis

621 2579 732 2640 ea,
779 2579 944 2644 quae
991 2558 1072 2622 ad
1124 2557 1657 2643 tranquillitatem
1701 2556 1947 2621 homini
1992 2555 2384 2620 reddendam
2430 2562 2643 2619 essent
2688 2562 2857 2641 apta.
2926 2555 3075 2620 Om-

619 2675 760 2759 nia,
827 2698 991 2763 quae
1059 2675 1184 2739 huc
1239 2675 1462 2740 referri
1509 2698 1635 2741 non
1681 2682 2011 2761 poterant,
2085 2673 2297 2738 omisit
2346 2679 2555 2759 poeta.
2650 2673 2813 2739 Cum
2859 2679 3075 2737 autem

621 2800 797 2859 certo
841 2796 1105 2859 consilio
1153 2816 1316 2882 quae
1363 2795 1445 2859 ad
1492 2816 1677 2859 suum
1724 2795 2121 2880 propositum
2167 2791 2639 2878 assequendum
2686 2798 2896 2855 essent
2926 2798 3074 2877 apta

621 2913 963 2997 selegerit,
1011 2933 1346 2977 commune
1408 2912 1738 2977 vinculum
1799 2912 1973 2975 hisce
2019 2910 2309 2996 partibus
2357 2910 2580 2974 deesse
2626 2932 2753 2973 non
2803 2914 3073 2995 poterat.

624 3030 704 3094 In
767 3030 1140 3095 universum
1209 3030 1541 3115 dispositio
1589 3030 1887 3094 carminis
1932 3034 2161 3113 poetae
2208 3034 2345 3103 est,
2409 3048 2792 3113 quamquam
2837 3027 2902 3091 in
2950 3026 3075 3091 sin-

625 3147 795 3232 gulis
844 3147 1305 3233 Phaenomenis
1353 3146 1751 3232 explica-ndis
1782 3145 2069 3211 ordinem
2096 3195 2112 3228 ,
2169 3165 2359 3231 quem
2391 3144 2709 3229 Epicurus
2738 3143 3035 3229 praebuit
3057 3194 3074 3226 ,

624 3263 947 3329 interdum
1014 3266 1308 3329 servavit.
1403 3264 1776 3348 Congruens
1841 3285 1985 3327 cum
2046 3262 2362 3346 gravitate
2430 3261 2641 3347 operis
2714 3267 2810 3324 est
2873 3260 3074 3325 oratio

624 3388 886 3468 poetae,
926 3382 1138 3466 gravis
1165 3387 1231 3446 et
1260 3381 1463 3464 elata,
1495 3381 1712 3445 multis
1743 3380 2092 3444 luminibus
2122 3380 2468 3460 illustrata,
2496 3377 3076 3464 comparationibus

625 3505 938 3564 exornata
965 3550 980 3582 ,
1029 3521 1298 3585 quarum
1341 3500 1686 3585 pleraeque
1718 3498 1799 3562 ab
1832 3498 1969 3583 ipso
2002 3497 2303 3561 Lucretio
2336 3496 2638 3559 inventae
2670 3495 2967 3559 videntur
2990 3497 3038 3573 5)
3058 3545 3075 3578 ,

626 3618 748 3681 etsi
791 3638 920 3681 non
966 3617 1236 3699 desunt,
1283 3638 1445 3703 quae
1477 3616 1558 3679 ab
1589 3615 1868 3701 Epicuro
1902 3614 2212 3697 originem
2245 3613 2480 3677 ducant
2498 3611 2562 3695 ⁰).
2626 3612 2937 3676 Omnibus
2971 3611 3077 3676 de-

623 3734 819 3821 nique
864 3734 1194 3819 perpensis
1239 3733 1630 3818 gaudeamus
1676 3754 1820 3797 cum
1867 3752 1952 3795 ex
1996 3731 2459 3816 Epicureorum
2506 3730 2885 3814 scriptorum
2922 3750 3077 3792 nau-

623 3851 828 3937 fragio
880 3851 1000 3915 hoc
1045 3873 1246 3915 unum
1290 3850 1422 3915 fere
1466 3850 1789 3933 integrum
1838 3848 2133 3932 discipuli
2180 3869 2339 3932 opus
2382 3846 2464 3911 ad
2507 3868 2621 3911 nos
2666 3846 3034 3932 pervenerit
3059 3895 3075 3928 ,

627 3969 780 4034 dum
824 3969 1114 4055 magistri
1158 3968 1462 4053 languida
1493 3972 1557 4032 et
1588 3967 1845 4051 garrula
1890 3974 1955 4031 et
2000 3966 2347 4031 iniucunda
2390 3965 2627 4051 scripta
2673 3965 3079 4031 interierunt.

698 4142 733 4207 ι)
801 4142 827 4192 I
848 4178 862 4202 ,
902 4144 1009 4191 142.

692 4236 734 4303 2)
804 4236 908 4297 IV,
943 4238 1072 4297 965,
1107 4238 1186 4285 69.

691 4330 736 4396 ³)
802 4330 926 4391 ΙΙΙ,
967 4334 1041 4380 11.

691 4425 732 4491 4)
805 4424 894 4475 III
914 4461 928 4485 ‚
965 4426 1076 4473 419.

691 4519 732 4586 ⁵)
802 4520 921 4581 111,
971 4523 1097 4581 833,
1136 4521 1292 4580 1025,
1333 4521 1488 4580 10345
1537 4518 1609 4579 V,
1648 4520 1789 4568 1303.
1858 4517 1977 4567 Η116
2009 4516 2167 4567 refero
2200 4517 2383 4567 multas
2416 4532 2443 4567 e
2481 4518 2679 4567 Graecis
2712 4514 2871 4581 poetis
2904 4530 3077 4579 sump-

625 4622 704 4668 tas
736 4614 992 4680 imagines.

691 4710 731 4771 ⁶)
799 4710 875 4760 cf.
912 4710 972 4771 Ι,
1011 4710 1131 4770 7393
1169 4708 1238 4769 V,
1277 4712 1365 4757 111
1401 4712 1453 4758 et
1487 4706 1588 4758 Cic.
1624 4708 1684 4758 de
1715 4707 1834 4758 Nat.
1870 4708 2001 4757 deor.
2039 4706 2127 4767 ΙΙ,
2168 4710 2289 4759 1015
2322 4722 2487 4773 seqq.;
2524 4706 2593 4767 V,
2629 4708 2740 4755 540.
