3529 5359
1758 393 1882 456 182

603 595 898 680 cognosci
941 601 1196 681 potest,
1257 596 1313 660 si
1355 595 1673 681 quomodo
1720 595 1935 659 omnia
1980 594 2346 658 exstiterint
2388 593 2675 680 inquiris.
2764 593 2936 678 Ergo
2979 593 3047 657 in

602 713 722 777 hoc
766 713 1002 777 mundo
1049 718 1199 777 sunt
1241 734 1404 800 quae
1456 712 1753 794 „foedera
1798 713 2106 775 naturae'‘
2156 711 2438 797 appellat
2467 711 2839 794 Lucretius,
2886 731 3047 796 quae

601 830 824 915 vigent
893 829 1092 894 donec
1150 851 1253 893 res
1297 830 1366 893 in
1412 852 1558 894 suas
1601 835 1848 894 atomos
1895 828 2363 911 dissolvantur,
2431 829 2499 891 in
2543 827 2765 892 mundi
2809 827 3048 891 confor-

601 948 880 1012 matione
904 954 1119 1012 autem
1145 947 1454 1012 eiusmodi
1480 947 1735 1012 foedera
1763 946 2045 1011 deerant.
2079 946 2262 1010 Haec
2289 945 2575 1010 doctrina
2596 945 3048 1031 Empedoclem

601 1070 921 1129 auctorem
993 1063 1236 1128 habuit.
1333 1063 1588 1144 „Inerat
1659 1063 1830 1126 enim
1857 1111 1873 1144 ,
1941 1062 2009 1125 in
2070 1062 2225 1147 ipsis
2285 1062 2617 1126 elementis
2661 1062 2873 1126 vitalis
2916 1061 3047 1143 vis,

602 1201 764 1267 quae
834 1185 1059 1266 sponte
1121 1201 1235 1244 sua
1302 1179 1548 1262 effecit,
1618 1185 1690 1243 ut
1750 1179 1967 1244 variae
2037 1178 2395 1243 animantes
2439 1178 2742 1265 variaque
2788 1199 3051 1264 corpora
3070 1198 3095 1220 ⁴·

602 1297 914 1383 principio
978 1296 1408 1379 exsisterent,
1475 1317 1604 1359 non
1667 1295 1747 1359 ob
1805 1295 2152 1360 utilitatem
2199 1296 2479 1382 aliquam
2523 1316 2641 1359 nec
2687 1301 2859 1359 certo
2904 1317 3049 1359 con-

603 1415 743 1478 silio
790 1414 1046 1478 condita
1091 1420 1155 1478 01
1198 1413 1504 1497 formata,
1566 1413 1678 1477 sed
1723 1415 1892 1476 ultro
1938 1435 2011 1477 ac
2056 1413 2336 1477 naturali
2382 1413 2657 1499 quodam
2701 1413 3006 1477 instinctu
3032 1463 3049 1497 ,

601 1532 816 1619 prouti
873 1531 1090 1596 variae
1137 1532 1600 1595 elementorum
1645 1538 1863 1616 partes
1906 1531 2103 1596 variis
2148 1531 2354 1595 modis
2396 1531 2565 1594 inter
2609 1552 2676 1594 se
2723 1552 3051 1595 concurre-

602 1655 788 1732 rent,
858 1652 982 1726 ὅπη
1028 1652 1400 1734 συνέκυρσευ
1448 1651 1667 1714 ἕκαστα
1705 1649 1812 1725 1).”
1904 1648 2245 1712 Lucretius
2308 1654 2522 1712 autem
2583 1648 2942 1712 distinctius
2987 1654 3053 1712 et

605 1767 962 1831 accuratius
1029 1786 1170 1830 eam
1230 1766 1533 1851 exposuit
1600 1765 1674 1847 I,
1750 1767 2221 1848 1021—10343
2301 1764 2428 1848 IV,
2500 1767 2884 1849 822—876;
2951 1766 3052 1848 V,

610 1887 969 1948 783—925.
1061 1883 1218 1947 Inde
1286 1889 1502 1948 tamen
1568 1905 1695 1946 11011
1751 1883 2038 1968 sequitur
2084 1905 2231 1947 eum
2276 1905 2388 1947 8110
2432 1889 2636 1947 1110110
2682 1883 3055 1970 Empedocli

608 2001 945 2065 studuisse.
1036 2000 1222 2076 Quod
1266 2000 1318 2064 si
1361 2000 1616 2064 fecisset
1661 2000 1895 2063 mirum
1943 2005 2112 2064 esset
2158 2021 2305 2064 eum
2350 2022 2697 2086 numquam
2739 2000 3056 2088 Empedo-

609 2119 774 2183 clem
839 2124 1166 2182 auctorem
1235 2139 1419 2183 suum
1486 2117 1779 2182 laudasse
1806 2167 1822 2200 ,
1890 2117 2269 2203 praesertim
2339 2139 2484 2182 cum
2551 2124 2767 2183 tantae
2814 2125 2880 2183 et
2924 2125 3057 2183 tam

611 2257 838 2322 graves
907 2237 1035 2300 sint
1099 2243 1314 2322 partes
1374 2237 1570 2300 totius
1616 2210 1977 2318 doctrinae,
2048 2257 2203 2322 quas
2248 2242 2577 2300 mutuatus
2622 2258 2759 2300 esse
2805 2237 3056 2302 dicitur.

610 2353 960 2418 Praeterea
1015 2353 1167 2439 quid
1211 2354 1436 2436 obstat,
1483 2353 1827 2439 quominus
1872 2359 2225 2417 statuamus
2277 2359 2534 2438 poetam
2580 2354 2929 2440 Epicurum
2962 2374 3059 2418 so·
3138 2359 3145 2364 “

611 2471 746 2534 111111
794 2476 1085 2536 secutum
1132 2490 1305 2553 esse,
1353 2471 1454 2534 cui
1500 2469 1659 2534 haec
1707 2470 1995 2534 doctrina
2037 2471 2349 2555 imprimis
2395 2477 2615 2535 contra
2644 2472 3060 2536 Aristotelem

615 2587 1012 2652 defendenda
1080 2589 1270 2652 erat?
1358 2586 1526 2651 Eum
1595 2587 1660 2650 id
1727 2609 1953 2652 revera
1996 2587 2221 2651 fecisse
2266 2588 2452 2652 facile
2498 2588 2677 2652 vides
2724 2609 2806 2652 ex
2851 2588 2931 2652 D.
2979 2589 3055 2652 L.

612 2707 720 2788 X,
793 2709 908 2771 75:
978 2706 1151 2773 ἀλλὰ
1217 2710 1342 2788 μὴν
1387 2706 1790 2784 ὑποληπτέον
1837 2712 1933 2771 καὶ
1980 2709 2096 2782 τὴν
2144 2710 2333 2792 φύσιν
2378 2707 2598 2772 πολλὰ
2648 2712 2744 2773 καὶ
2789 2718 3057 2773 παντοῖα

616 2823 740 2887 ὑπὸ
809 2826 937 2887 τῶν
1005 2822 1212 2887 αὐτῶν
1257 2824 1644 2909 πραγμάτων
1692 2818 2071 2908 διδαχθῆναί
2113 2849 2174 2886 τε
2222 2827 2317 2887 καὶ
2366 2823 2839 2908 ἀναγκασθῆναι
2884 2842 2900 2858 ·
2944 2824 3061 2888 τὸν

617 2935 680 3003 δὲ
726 2936 1044 3024 λογισμὸν
1089 2940 1164 3004 τὰ
1211 2940 1333 3003 ὑπὸ
1379 2942 1607 3017 ταύτης
1653 2940 2173 3024 παρεγγυηθέντα
2220 2942 2314 3002 καὶ
2364 2938 2628 3023 ὕστερον
2674 2936 3061 3024 ἐπακριβοῦν

617 3059 714 3121 καὶ
786 3054 1359 3141 προςεξευρίσκειυ,
1430 3060 1580 3119 0011.
1671 3055 1803 3119 Cur
1868 3055 2066 3139 igitur
2122 3054 2503 3141 discipulum
2547 3054 2803 3120 aliunde
2850 3077 3062 3142 sump-

617 3170 773 3235 sisse
818 3171 988 3257 quod
1029 3171 1168 3257 ipse
1211 3171 1518 3255 magister
1563 3172 1624 3235 ei
1669 3172 1966 3255 afferret,
2014 3179 2274 3258 putares
2298 3175 2328 3236 P

703 3288 1040 3353 Hactenus
1103 3289 1181 3353 de
1241 3290 1320 3353 iis
1380 3309 1542 3375 quae
1588 3311 1691 3373 10,
1740 3312 1870 3353 11011
1916 3290 2118 3354 forma
2163 3290 2501 3377 Lucretius
2547 3311 2631 3354 ex
2676 3290 3065 3377 Empedocle

619 3407 964 3492 sumpsisse
1035 3407 1283 3471 dicitur.
1375 3407 1519 3471 Hoc
1567 3408 1823 3493 quidem
1870 3429 2199 3493 speramus
2244 3408 2377 3472 fore
2424 3414 2495 3470 ut
2540 3408 2769 3493 cuique
2815 3413 3066 3494 pateat,

625 3524 793 3610 quod
838 3524 919 3589 ad
964 3525 1168 3610 ipsam
1215 3524 1683 3611 philosophiam
1716 3526 2079 3611 pertineat,
2126 3525 2287 3589 nihil
2317 3532 2574 3611 poetam
2606 3526 2686 3589 ad
2718 3526 3069 3590 doctrinam

621 3640 883 3727 Epicuri
930 3642 1247 3706 addidisse
1294 3644 1399 3707 vel
1444 3644 1513 3706 in
1543 3664 1620 3707 ea
1649 3650 1932 3707 mutasse
1965 3649 2029 3707 et
2061 3664 2221 3729 quae
2254 3644 2523 3707 aliorum
2549 3642 3071 3729 philosophorum

619 3760 857 3844 placita
887 3760 1143 3844 afferat,
1191 3781 1274 3824 ex
1321 3761 1522 3846 ipsius
1568 3760 1834 3846 Epicuri
1881 3781 2117 3844 magna
2162 3761 2344 3846 copia
2390 3761 2768 3846 scriptorum
2809 3781 2885 3824 ea
2913 3758 3070 3825 hau-

619 3876 732 3939 riri
789 3877 1092 3961 potuisse.
1182 3876 1366 3952 Quod
1427 3878 1478 3940 si
1547 3884 1837 3961 constat,
1907 3880 2202 3942 nolumus
2248 3885 2462 3943 tamen
2506 3899 2742 3962 negare
2788 3879 2989 3941 multa
3034 3899 3070 3941 e

625 3991 888 4058 Graecis
955 3995 1161 4079 poetis
1206 4000 1459 4080 sumpta
1502 4016 1640 4059 esse
1687 3995 1768 4060 ad
1816 4016 2071 4059 carmen
2118 3995 2594 4078 exornandum,
2642 3994 2723 4059 ad
2769 3995 3072 4059 orationis

623 4109 868 4174 lumina
913 4111 1275 4195 afferenda,
1323 4133 1485 4198 quae
1533 4119 1749 4177 tamen
1794 4112 1900 4176 hic
1945 4112 2131 4175 nobis
2175 4133 2303 4176 non
2349 4118 2498 4175 811111
2544 4112 2975 4176 0111111101οηᾱο
2998 4114 3071 4190 ²).

622 4228 837 4293 Etiam
905 4230 1279 4317 Empedocli
1340 4231 1651 4296 eiusmodi
1718 4252 1924 4317 pauca
1993 4236 2251 4315 poetam
2310 4230 2541 4294 debere
2567 4280 2584 4314 ,
2650 4230 2772 4294 etsi
2817 4228 3073 4293 difficile

690 4551 728 4613 ι)
798 4552 1044 4612 Karsten,
1079 4568 1191 4617 pag.
1228 4552 1338 4603 413.
1375 4552 1438 4603 cf.
1475 4556 1584 4603 359.
1651 4553 1825 4618 Lange
1859 4554 1916 4614 Ι,
1952 4570 2001 4617 p.
2038 4556 2132 4613 24,
2171 4553 2279 4605 107.

585 4647 590 4653 '
687 4650 728 4713 2)
800 4648 876 4699 Of.
912 4648 1114 4699 Munroi
1146 4647 1411 4699 editionem
1430 4686 1443 4710 ,
1478 4648 1566 4713 qui
1597 4653 1825 4699 accurate
1858 4664 1940 4699 008
1972 4646 2106 4698 10008
2141 4644 2355 4697 contulit
2386 4651 2437 4696 ct
2460 4645 2726 4697 Reisacker
2743 4682 2757 4707 ,
2792 4644 2847 4694 in
2872 4644 3075 4703 Quaest.

626 4744 826 4797 Lucret.
2982 4737 2993 4747 ⁶
