3529 5359
1671 365 1746 426 91

501 567 852 648 sequuntur
897 563 1227 628 sufficiant.
1273 563 1433 628 Inde
1479 585 1518 628 a
1547 585 1638 628 vs.
1671 566 1798 628 520
1842 584 2041 650 usque
2086 563 2165 627 ad
2210 584 2301 626 vs.
2338 564 2460 626 615
2505 566 2694 646 poeta
2738 560 2931 622 inter-

500 682 790 762 pretatur
849 678 1112 764 Epicuri
1170 680 1517 744 doctrinam
1580 678 1656 744 de
1703 678 1927 744 auditu
1947 729 1963 762 ,
2024 699 2213 765 quam
2256 679 2417 762 legis
2461 677 2541 740 D.
2592 676 2666 741 L.
2713 674 2791 738 X.
2846 678 2929 740 52

501 795 898 878 expositam:
966 801 1102 858 tum
1169 818 1206 859 a
1266 818 1356 860 vs.
1429 799 1551 860 615
1618 817 1819 882 usque
1867 795 1946 860 ad
1992 798 2113 859 673
2162 795 2239 858 de
2286 800 2476 878 gustu
2520 793 2689 877 agit,
2736 813 2927 877 quam

498 916 745 995 partem
787 911 854 974 in
898 911 1161 998 Epicuri
1206 914 1474 998 epistola
1517 913 1927 998 praeteritam
1971 912 2330 976 invenimus
2353 961 2369 994 ,
2418 911 2538 974 etsi
2566 908 2886 994 Theophr.
2908 957 2925 990 ,

499 1025 582 1090 de
625 1047 814 1091 sensu
859 1029 940 1092 63
968 1078 984 1110 ,
1029 1029 1110 1093 D.
1158 1029 1236 1093 L.
1283 1029 1402 1092 IX.
1452 1031 1553 1094 80.
1604 1030 1780 1093 Sext.
1830 1029 2015 1114 Emp.
2060 1028 2211 1114 hyp.
2259 1029 2346 1092 H.
2396 1030 2512 1110 63,
2557 1032 2733 1112 patet
2778 1046 2925 1089 eum

497 1142 668 1207 idem
714 1144 1034 1229 docuisse3
1098 1145 1369 1232 denique
1414 1168 1504 1210 vs.
1555 1149 1632 1210 67
1640 1149 1806 1210 3-7
1813 1149 1889 1209 21
1943 1146 2149 1210 odoris
2196 1146 2683 1230 explicationem
2729 1142 2925 1208 conti-

498 1265 688 1342 nent,
751 1282 938 1347 quam
985 1263 1064 1326 D.
1113 1263 1189 1327 L.
1257 1262 1336 1325 X.
1401 1266 1481 1328 53
1527 1262 1966 1328 adumbratam
2009 1263 2315 1328 invenies.
2404 1262 2528 1336 Qui
2573 1259 2925 1324 accuratius

495 1377 656 1446 haec
715 1381 926 1444 omnia
968 1381 1138 1444 inter
1182 1401 1249 1444 se
1294 1381 1794 1466 comparaverit,
1848 1381 2091 1445 videbit
2133 1387 2388 1466 poetam
2434 1378 2704 1442 eundem
2749 1376 2928 1463 sequi

498 1497 780 1562 ordinem
825 1503 1016 1584 atque
1061 1497 1429 1582 Epicurum.
1493 1497 1647 1561 Post
1682 1499 1855 1562 visus
1886 1519 2136 1562 sensum
2167 1502 2505 1561 tractatum
2536 1495 2613 1559 de
2644 1494 2926 1558 omnium

499 1616 905 1679 scientiarum
963 1614 1373 1679 fundamento
1430 1615 1498 1677 in
1544 1636 1842 1679 sensuum
1886 1615 2261 1679 auctoritate
2306 1613 2468 1696 sit0,
2536 1632 2741 1675 sermo
2786 1615 2923 1692 est,

497 1738 630 1796 tum
677 1733 907 1820 reliqui
953 1753 1172 1796 sensus
1217 1705 1638 1817 explicantur.

589 1848 694 1912 Ex
777 1871 854 1913 ea
929 1869 1090 1935 quae
1163 1849 1486 1934 praecedit
1553 1848 1816 1934 Epicuri
1856 1846 1954 1914 ‚de
2002 1847 2287 1911 sensibus
2333 1846 2619 1911 doctrina
2661 1845 2923 1909 forsitan

495 1966 636 2052 quis
711 1965 957 2030 efficere
1025 1966 1182 2030 velit
1241 1987 1356 2030 nos
1413 1967 1482 2030 in
1549 1986 1795 2029 errores
1837 1986 1965 2029 non
2008 1986 2192 2050 posse
2236 1964 2516 2028 incidere
2541 2014 2557 2047 ,
2624 1964 2922 2050 quoniam

499 2103 718 2146 omnes
783 2088 1037 2147 nostrae
1081 2083 1521 2169 perceptiones
1565 2081 1725 2146 nihil
1771 2082 1896 2145 sint
1940 2081 2064 2144 nisi
2108 2086 2351 2164 motus,
2420 2101 2788 2162 concursuS,
2834 2079 2923 2144 af-

494 2199 696 2264 fectus
762 2201 1085 2270 materiae.
1175 2201 1276 2264 Ne
1323 2201 1411 2263 sic
1453 2199 1710 2264 veritati
1753 2205 2219 2285 repugnarent,
2267 2198 2566 2283 Epicurei
2611 2197 2923 2262 docebant

492 2337 608 2381 nos
675 2338 884 2381 errare
949 2338 1174 2402 posse,
1243 2317 1357 2381 sed
1421 2339 1663 2381 errores
1723 2339 1851 2382 non
1908 2317 2197 2380 sensibus
2241 2316 2352 2380 sed
2396 2317 2604 2379 animo
2652 2315 2766 2378 soli
2812 2315 2923 2378 tri-

493 2432 777 2496 buendos
845 2432 1084 2516 esse1).
1180 2434 1363 2514 „Non
1427 2440 1690 2518 possunt
1754 2433 1922 2497 oculi
1988 2439 2283 2497 naturam
2326 2452 2588 2495 noscere
2642 2429 2919 2494 1·erum.’'

497 2549 733 2616 Sensus
778 2549 1050 2614 afferunt
1093 2571 1306 2614 rerum
1349 2550 1694 2634 imagines,
1741 2549 1853 2614 sed
1898 2549 2145 2614 animus
2178 2571 2284 2613 eas
2313 2548 2575 2635 accipit,
2618 2567 2724 2610 eas
2755 2567 2921 2610 com-

487 2667 671 2753 ponit
715 2673 778 2733 et
822 2689 966 2732 cum
1010 2667 1534 2753 praecedentibus
1577 2690 1797 2733 rerum
1828 2668 2197 2732 notionibus
2244 2687 2351 2731 eas
2381 2669 2724 2753 comparat.
2792 2664 2920 2729 Ita-

491 2804 614 2869 que
681 2763 1021 2849 usuvenire
1066 2790 1316 2873 potest,
1385 2791 1458 2848 ut
1503 2786 1750 2849 animus
1796 2784 1866 2847 in
1910 2784 2029 2848 hoc
2074 2805 2267 2870 opere
2311 2784 2586 2849 fallatur.
2676 2782 2745 2847 Si
2788 2788 2919 2845 tur-

489 2900 611 2965 rim
675 2900 862 2966 video
931 2922 967 2965 e
1031 2901 1379 2989 longinquo
1404 2951 1421 2984 ‚
1492 2902 1629 2966 eius
1687 2903 1900 2986 imago
1961 2908 2306 2988 antequam
2364 2901 2446 2965 ad
2488 2900 2703 2966 oculos
2744 2920 2921 2963 meos

487 3022 810 3102 penetret,
869 3018 1102 3082 multas
1161 3018 1332 3082 subit
1389 3017 1775 3103 mutationes
1793 3067 1810 3101 ,
1880 3038 2027 3083 aere
2054 3068 2070 3101 ,
2140 3038 2329 3105 quem
2396 3017 2606 3102 imago
2652 3016 2919 3099 transit,

489 3155 632 3199 eam
696 3135 928 3221 partim
993 3135 1330 3199 mutilante
1399 3142 1514 3215 (vs.
1564 3137 1690 3199 353
1735 3136 1958 3221 seqq).
2050 3134 2234 3199 Oculi
2279 3139 2495 3199 tamen
2539 3133 2700 3197 nihil
2746 3132 2920 3197 aliud

490 3272 680 3337 quam
723 3250 887 3315 hanc
932 3252 1290 3317 mutilatam
1335 3252 1681 3337 imaginem
1725 3252 2046 3338 accipiunt
2091 3257 2156 3315 et
2200 3252 2409 3316 animo
2455 3272 2597 3315 eam
2628 3250 2920 3315 tradunt:

493 3368 604 3432 sed
669 3369 915 3434 animus
981 3391 1125 3434 eam
1190 3391 1553 3455 comparare
1621 3369 1812 3434 debet
1880 3390 2025 3434 cum
2090 3369 2444 3457 προλήψειε
2511 3368 2580 3431 111
2633 3374 2729 3433 est
2776 3388 2921 3434 cum

493 3484 750 3549 notione
817 3486 1008 3550 turris
1074 3486 1202 3549 iam
1265 3493 1454 3551 antea
1521 3488 1775 3573 saepius
1820 3487 2043 3551 eadem
2088 3488 2248 3551 turri
2291 3487 2429 3551 visa
2493 3486 2560 3551 in
2627 3508 2701 3552 eo
2747 3493 2919 3569 orta,

493 3620 616 3685 quo
684 3601 756 3664 fit
821 3606 893 3665 ut
959 3602 1206 3667 animus
1265 3602 1343 3667 de
1411 3604 1681 3669 veritate
1747 3604 2101 3689 imaginum
2147 3603 2493 3669 diiudicare
2537 3604 2771 3690 possit,
2816 3605 2922 3668 vel

495 3717 706 3801 potius
765 3718 1128 3803 opinionem
1181 3742 1220 3785 a
1263 3721 1720 3807 perspicuitate
1766 3722 2101 3807 seiungere
2146 3722 2299 3804 (Cic.
2346 3720 2547 3786 Acad.
2592 3721 2783 3807 prior.
2830 3722 2919 3785 H.

495 3854 630 3919 cap.
678 3834 861 3899 XIV.
910 3835 1003 3901 Of.
1048 3836 1258 3900 locum
1304 3859 1496 3923 supra
1537 3838 1749 3918 laud).
1853 3838 2171 3926 Epicurus
2238 3839 2409 3903 enim
2453 3838 2745 3903 distinxit
2789 3838 2921 3924 opi-

492 3949 714 4015 niones
781 3948 1022 4037 (ὃόξας)
1091 3958 1156 4017 et
1200 3955 1722 4040 perspicuitatem
1770 3957 2183 4044 (incip-ymno:
2249 3956 2490 4043 priores
2533 3956 2680 4020 illae
2725 3956 2920 4020 falsae

557 4304 596 4367 ¹)
663 4304 811 4354 Lucr.
860 4303 948 4355 lv.
996 4305 1090 4358 379
1123 4321 1257 4371 seqq.
1292 4305 1352 4360 D.
1385 4308 1443 4357 L.
1479 4308 1544 4358 X.
1585 4309 1711 4361 147:
1759 4308 1819 4358 Ea·
1849 4310 1946 4360 τιν’
1983 4308 2218 4372 ἐκβαλεῖς
2252 4311 2432 4368 ἁπλῶς
2464 4310 2705 4369 αἴσθησιν
2737 4311 2820 4360 καὶ
2853 4310 2922 4372 μή

491 4397 759 4463 διαιρῆσεις
805 4403 865 4452 τὸ
899 4400 1232 4465 δοξαζόμενον
1263 4403 1394 4452 κατὰ
1431 4406 1490 4454 τὸ
1523 4402 1815 4468 προσμένον
1848 4406 1929 4453 καὶ
1966 4404 2024 4453 τὸ
2058 4405 2230 4468 παρὸν
2262 4404 2356 4465 ἤδη
2391 4408 2521 4455 κατὰ
2554 4407 2650 4465 τὴν
2682 4406 2923 4465 αἶσθησιν

491 4494 573 4542 καὶ
623 4496 686 4543 τὰ
733 4495 879 4554 πάθη
929 4496 1013 4546 καί
1048 4499 1226 4547 πᾶσαν
1258 4500 1610 4562 φανταστικὴν
1644 4498 1906 4562 ἐπιβολὴν
1940 4502 2031 4557 τῆς
2064 4497 2318 4561 διανοίας,
2355 4500 2683 4565 συνταράξεις
2713 4502 2798 4551 καὶ
2831 4503 2922 4559 τὰς

490 4590 672 4646 λοιπὰς
719 4588 977 4649 αἰσθήσεις
1028 4596 1092 4655 τῇ
1142 4590 1335 4657 ματαίᾳ
1371 4592 1512 4657 δόξῃ,
1566 4593 1694 4643 ὥστε
1729 4597 1788 4644 τὸ
1822 4593 2086 4659 κριτήριον
2120 4595 2262 4645 ἅπαν
2294 4594 2545 4662 ἐκβαλεῖς.
2608 4594 2743 4647 Sext.
2776 4595 2922 4661 Emp.

491 4682 601 4732 adv.
638 4682 793 4733 Math.
832 4683 967 4734 VIII
989 4721 1003 4746 ‚
1037 4688 1306 4737 203-216.
