3529 5359
1543 379 1664 442 145

385 580 755 666 protrahere
803 580 882 644 ad
927 587 1178 664 gestum
1222 601 1454 666 pueros
1499 580 1769 644 infantia
1798 581 2056 664 linguae
2076 631 2092 664 ,
2154 602 2299 645 cum
2328 581 2482 646 facit
2510 587 2583 645 ut
2613 581 2813 666 digito

383 719 542 784 quae
610 699 734 761 sint
799 699 1160 784 praesentia
1218 704 1571 778 monstrent
1618 747 1632 760 .
1681 699 1874 761 sentit
1932 699 2101 762 enim
2146 699 2277 763 vim
2324 701 2589 785 quisque
2638 721 2814 764 suam

382 836 504 900 quo
571 815 652 878 ad
710 816 907 901 possit
975 813 1264 899 abuti”¹).
1355 816 1612 900 Impetu
1679 816 1954 901 quodam
1998 823 2229 881 natura
2274 817 2481 901 coegit
2525 817 2813 882 homines

381 932 624 995 sonitus
667 932 876 996 varios
921 933 1248 1015 emittere,
1314 933 1444 996 fere
1491 933 1714 996 eodem
1760 933 1947 997 modo
1992 955 2117 1019 quo
2162 934 2400 998 vitulus
2444 934 2643 998 iratus
2686 935 2815 998 iam

382 1050 675 1116 cornibus
719 1050 813 1113 uti
858 1056 1159 1132 conatur,
1207 1070 1370 1135 quae
1415 1049 1696 1114 nondum
1742 1055 2018 1113 exstant.
2108 1050 2200 1113 At
2245 1056 2435 1135 poeta
2480 1072 2607 1114 non
2638 1050 2815 1114 videt

379 1167 468 1230 sic
513 1187 664 1230 sane
709 1167 1016 1252 explicari
1059 1187 1281 1252 posse,
1329 1169 1439 1252 qui
1482 1166 1678 1230 nostri
1723 1167 2000 1231 infantes
2030 1167 2313 1250 linguam
2346 1167 2622 1249 discant,
2671 1189 2815 1231 cum

377 1285 748 1369 parentibus
793 1284 926 1348 nati
973 1285 1140 1366 sint,
1211 1285 1319 1370 qui
1364 1285 1586 1368 lingua
1629 1291 1931 1367 utantur,
1978 1307 2106 1348 non
2150 1291 2365 1348 tamen
2410 1284 2579 1348 unde
2624 1285 2815 1370 primi

378 1402 473 1465 illi
518 1402 852 1485 homineS,
901 1402 1009 1487 qui
1055 1425 1092 1466 a
1136 1402 1505 1487 parentibus
1551 1423 1692 1466 eam
1736 1402 2103 1466 facultatem
2149 1403 2283 1465 sive
2328 1403 2641 1487 impetum
2683 1423 2812 1466 non

377 1520 780 1604 acceperint,
848 1519 1159 1604 impetum
1225 1518 1406 1582 illum
1465 1520 1637 1582 nacti
1689 1519 1834 1582 sint.
1925 1519 2163 1582 Putare
2210 1519 2485 1604 aliquem
2531 1520 2815 1603 linguam

375 1636 730 1719 invenisse,
799 1637 1056 1700 nomina
1099 1637 1288 1700 rebus
1336 1637 1729 1700 distribuisse
1757 1687 1772 1718 ,
1822 1657 1896 1700 ea
1940 1621 2228 1700 homines
2274 1637 2605 1719 didicisse,
2656 1637 2815 1701 desi-

375 1775 530 1840 pere
571 1760 706 1836 est,
754 1754 922 1840 quod
967 1754 1358 1838 argumentis
1401 1754 1597 1820 firmis
1644 1754 1889 1839 probat.
1979 1754 2107 1818 Pro
2139 1755 2331 1818 variis
2364 1755 2651 1818 sensibus
2681 1754 2814 1818 ani-

374 1871 572 1935 malia
637 1872 844 1934 varias
911 1892 1099 1934 voces
1167 1871 1458 1934 emittere
1509 1870 1847 1954 'audimuffi
1937 1877 2209 1957 „quanto
2268 1872 2552 1936 mortalis
2612 1871 2816 1956 magis

376 1992 663 2050 aecumst
729 1992 865 2049 tum
933 1987 1212 2072 potuisse
1283 1986 1602 2050 dissimilis
1673 1987 1797 2050 alia
1864 1993 2055 2072 atque
2124 1987 2249 2051 alia
2314 2008 2415 2051 res
2482 2008 2637 2051 voce
2706 2009 2815 2050 no-

375 2108 516 2166 tare
544 2102 602 2163 !'’
628 2099 696 2179 ²).
787 2101 930 2164 Hoc
996 2102 1212 2187 itaque
1283 2109 1548 2186 apparet
1607 2108 1862 2186 poetam
1908 2103 1975 2165 in
2018 2123 2249 2186 magno
2296 2102 2818 2188 philosophorum

381 2217 460 2280 de
524 2217 780 2300 linguae
828 2218 1070 2301 origine
1117 2218 1502 2300 certamine,
1573 2217 1741 2303 quod
1784 2217 1933 2282 inde
1978 2240 2016 2281 a
2061 2218 2484 2303 sophistarum
2530 2225 2816 2302 tempore

376 2334 534 2416 fuit,
567 2355 788 2398 eorum
817 2334 1103 2419 partibus
1133 2335 1366 2417 favere,
1399 2335 1508 2420 qui
1536 2335 1821 2418 linguam
1854 2339 2029 2420 φύσει
2062 2340 2263 2399 ortam
2294 2356 2431 2399 esse
2466 2335 2817 2399 docuerunt

375 2471 586 2536 neque
657 2455 856 2533 θέσει,
924 2457 996 2514 ut
1058 2451 1320 2536 reliquis
1364 2452 1622 2536 placuit.
1711 2451 2020 2534 Magnum
2066 2456 2281 2514 tamen
2334 2451 2603 2534 vitium,
2651 2451 2819 2537 quod

377 2567 632 2652 saepius
691 2568 818 2631 iam
863 2554 1090 2653 poetae
1138 2569 1523 2650 obiecimus,
1591 2569 1658 2631 in
1703 2567 1823 2630 hac
1868 2567 2416 2651 argumentatione
2462 2589 2677 2632 rursus
2721 2589 2817 2630 re-

375 2685 664 2769 peritur:
735 2686 815 2749 ad
883 2687 1205 2750 cardinem
1251 2685 1636 2772 quaestionis
1679 2707 1822 2749 raro
1869 2692 2161 2771 penetrat
2208 2692 2272 2749 et
2316 2708 2644 2771 nunquam
2687 2708 2816 2749 ma-

375 2802 561 2885 gistri
626 2802 862 2887 plaoita
907 2803 1221 2867 emendat.
1311 2803 1626 2888 Epicurus
1671 2803 1904 2888 partim
1951 2803 2206 2887 quidem
2251 2803 2479 2866 melius
2524 2824 2659 2867 rem
2705 2824 2815 2866 ex-

376 2919 666 3005 posuisse
731 2919 1001 2983 videtur.
1091 2921 1168 2983 In
1235 2921 1503 3005 epistola
1570 2920 1651 2984 ad
1715 2920 2117 2985 Herodotum
2185 2920 2353 2983 enim
2421 2921 2692 3004 legimus
2724 2917 2813 2998 3);

378 3042 477 3103 καὶ
524 3036 598 3102 ra*
645 3040 922 3120 ὀνόματα
969 3036 1036 3112 ἐξ
1077 3041 1282 3124 ἀρχῆς
1326 3042 1408 3121 μὴ
1455 3043 1616 3104 θέσει
1665 3044 1990 3125 γενέσθαι,
2036 3039 2187 3105 ἀλλ’
2235 3038 2427 3115 αὐτοῖς
2457 3039 2569 3118 τὰς
2604 3041 2817 3124 φύσεις

377 3160 509 3219 τῶν
568 3156 926 3239 ἀνθρώπων
986 3159 1123 3221 καθ’
1184 3158 1404 3221 ἕκαστα
1473 3158 1623 3233 ’έθνη
1689 3155 1813 3222 {Bm
1884 3160 2265 3243 πασχούσας
2330 3160 2502 3232 πάθη
2550 3162 2645 3221 καὶ
2690 3152 2815 3221 ’IS-ta

377 3270 851 3358 λαμβανούσας
918 3274 1323 3358 φαντάσματα
1387 3272 1562 3349 ἰδίως
1606 3276 1719 3339 τὸν
1768 3274 1913 3357 ἀέρα
1959 3276 2317 3356 ἐκπέμπειν,
2390 3272 2818 3354 στελλόμενον

382 3389 485 3475 ὑφ’
553 3390 828 3455 ἑκάστων
893 3394 1021 3456 τῶν
1089 3395 1315 3456 παθῶν
1371 3397 1464 3457 καὶ
1513 3396 1640 3457 τῶν
1689 3394 2191 3474 φαντασμάτων,
2260 3392 2348 3465 ὡς
2398 3391 2478 3455 ἄν
2526 3417 2675 3455 ποτε
2722 3394 2828 3453 καὶ.

379 3508 418 3581 ἡ
488 3505 655 3590 παρὰ
721 3510 871 3581 τοὺς
937 3510 1176 3582 τόπους
1235 3512 1363 3571 τῶν
1427 3510 1630 3572 ἐθνῶν
1678 3505 1945 3592 διαφορὰ
1992 3506 2079 3582 εἴη
2112 3528 2125 3541 ·
2176 3507 2437 3591 ὕστερον
2484 3503 2546 3571 δὲ
2594 3511 2819 3580 κοινῶς

377 3623 519 3687 καθ’
587 3624 806 3688 ἕκαστα
875 3624 1025 3699 ἔθνη
1086 3623 1162 3689 ra*
1225 3622 1352 3689 ἰ’δια
1415 3630 1663 3700 τεθῆναι
1723 3626 1889 3707 πρὸς
1955 3625 2027 3688 τὸ
2098 3621 2212 3698 τᾶς
2280 3620 2583 3698 δηλώσεις
2630 3626 2819 3697 ἧττον

377 3736 793 3824 ἀμφιβόλους
837 3744 1171 3827 γίγνεσθαι
1208 3742 1527 3820 ἀλλήλοις
1562 3746 1656 3805 καὶ
1691 3743 2177 3826 συντομωτέρως
2218 3736 2608 3821 δηλουμένας
2633 3757 2646 3771 ·
2682 3737 2821 3804 rava*

378 3850 444 3920 δὲ
511 3860 608 3921 καὶ
678 3857 753 3921 οὐ
816 3858 1220 3942 συνορώμενα
1265 3858 1596 3942 ,πράγματ’
1655 3860 2054 3942 εἶςφέροντας
2098 3859 2249 3931 τοὺς
2296 3854 2661 3930 συνειδότας
2708 3883 2819 3920 πα-

373 3976 722 4057 ρεγγυῆσαί
766 4002 941 4048 τινας
987 3976 1368 4060 φθόγγους,
1437 3978 1526 4039 ὧν
1573 3976 1725 4049 τοὺς
1768 3979 1880 4055 μὲν
1926 3974 2443 4059 ἀναγκασθέντας
2488 3974 2817 4058 ἀναφωνῆ-

379 4116 526 4165 σαι,
588 4092 741 4165 τοὺς
801 4088 864 4157 δὲ
922 4096 1010 4177 τῷ
1074 4091 1366 4178 λογισμῷ
1433 4095 1773 4175 ἑπομένους
1830 4090 1993 4155 4κατά
2058 4093 2173 4166 τὴν
2240 4089 2544 4165 πλείστην
2616 4092 2817 4154 αἰτίαν

375 4203 580 4279 οὕτως
647 4208 1000 4291 ἑρμηνῦσαι.
1091 4207 1219 4271 Hic
1301 4208 1477 4271 locus
1523 4213 1738 4271 autem
1793 4207 1997 4271 multa
2053 4206 2369 4287 continet,
2439 4225 2601 4291 quae
2648 4203 2819 4289 apud

376 4326 634 4406 poetam
656 4345 783 4388 non
806 4324 1249 4409 inveniuntur,
1277 4326 1385 4411 qui
1416 4326 1658 4411 primae
1681 4326 1940 4409 linguae
1972 4325 2311 4408 originem,
2338 4330 2410 4387 ut
2436 4323 2818 4409 phaenome-

376 4459 505 4503 non
567 4441 881 4526 quoddam
925 4445 1216 4507 naturale
1263 4444 1492 4508 ceteris
1537 4444 1845 4527 neglectis
1878 4443 2203 4527 explicare
2230 4442 2297 4504 in
2330 4440 2539 4505 animo
2570 4439 2816 4521 habuit,

379 4559 635 4642 egregie
666 4565 881 4625 tamen
912 4561 1186 4626 ostendit
1216 4563 1587 4626 Lucretium
1619 4582 1781 4648 quae
1811 4566 1986 4624 recta
2018 4560 2221 4645 sapiat
2251 4557 2531 4643 Epicuro
2565 4556 2817 4621 debere.

444 4733 476 4791 ¹)
543 4733 940 4783 Vs.102s—33.

442 4811 482 4875 2)
554 4812 634 4861 Vs.
676 4816 943 4863 1034—90.

441 4897 482 4961 8)
552 4896 615 4947 D.
649 4898 708 4949 L.
743 4899 818 4960 x,
856 4900 943 4961 75,
979 4898 1058 4951 76.
2462 4876 2540 4938 10
