3529 5359
1781 351 1863 413 24

862 551 916 615 I.
962 573 1056 615 vs.
1105 553 1231 616 244
1277 572 1493 638 seqq.:
1725 594 1732 600 -
2129 554 2182 618 I.
2228 575 2322 618 vs.
2372 555 2497 618 543
2546 573 2764 640 seqq.:

685 663 901 745 „Inter
959 684 1026 727 se
1087 664 1237 750 quia
1279 684 1488 728 nexus
1532 663 1764 749 princi·
1957 664 2086 745 „At
2130 667 2429 751 quoniam
2469 687 2661 751 supra
2708 664 2891 730 docui
2944 664 3037 728 nil

592 775 843 861 piorum
875 774 1211 840 dissimiles
1244 781 1538 841 constant
1560 781 1764 839 aeter·
1866 798 2050 862 posse
2096 778 2297 842 creari
2344 776 2422 842 de
2468 778 2601 842 nilo
2631 798 2839 864 neque
2870 776 3037 863 quod

594 908 802 973 naque
869 887 1169 951 materies
1253 892 1351 950 est
1374 936 1390 969 ,
1460 887 1767 951 incolumi
1868 889 2157 973 genitum
2190 895 2287 953 est
2318 888 2399 954 ad
2428 890 2519 954 nil
2548 889 2864 972 revocari,
2900 910 3037 953 esse

593 1005 928 1064 remanent
970 1020 1074 1063 res
1119 1019 1380 1084 corpore
1413 1047 1427 1060 .
1453 1048 1467 1062 .
1495 1047 1509 1062 .
1532 1048 1546 1062 .
1592 999 1767 1063 haud
1867 1001 2212 1065 immortali
2258 1001 2603 1086 primordia
2640 1021 2901 1086 corpore
2935 1000 3039 1064 de-

591 1112 790 1196 igitur
854 1110 1022 1175 redit
1089 1110 1170 1174 ad
1228 1111 1430 1174 nilum
1489 1131 1592 1174 res
1635 1112 1769 1175 ulla
1868 1113 2063 1195 bent,
2113 1113 2372 1177 dissolui
2425 1135 2549 1199 quo
2602 1133 2892 1200 quaeque
2940 1134 3039 1176 su-

596 1223 708 1288 sed
771 1243 992 1287 omnes
1061 1223 1324 1287 discidio
1382 1223 1654 1310 redeunt
1700 1223 1769 1287 in
1869 1245 2089 1310 premo
2120 1230 2407 1311 tempore
2438 1226 2725 1310 possint,
2755 1225 3039 1290 materiis

593 1357 860 1421 corpora
902 1335 1264 1400 materiai.”
1870 1342 1942 1399 ut
1975 1337 2338 1422 subpeditet
2383 1337 2575 1402 rebus
2606 1336 3037 1436 reparandis?

684 1523 1000 1610 Epicurus
1026 1573 1042 1606 ,
1105 1523 1416 1610 siquidem
1464 1545 1548 1588 ex
1593 1525 1879 1610 epistolis
1925 1526 2277 1612 ceterisque
2323 1526 2697 1611 fragmentis
2742 1525 2820 1589 de
2864 1523 3040 1590 hisce

589 1641 783 1706 rebus
828 1641 1176 1706 diiudicare
1230 1663 1585 1727 possumuS,
1635 1664 1760 1706 non
1804 1641 1977 1706 idem
2022 1643 2090 1706 in
2133 1642 2361 1707 vitium
2407 1643 2651 1708 incidit.
2742 1642 2859 1707 Ait
2904 1643 3042 1729 qui-

595 1759 740 1823 dem
807 1757 1152 1844 primordia
1202 1779 1416 1823 rerum
1463 1780 1602 1823 esse
1650 1760 1848 1841 ἄτομα
1897 1765 1991 1825 καὶ
2040 1758 2449 1847 ἀμετάβλητα
2473 1809 2491 1836 ,
2560 1761 2725 1846 εἴπερ
2770 1762 2855 1843 μὴ
2899 1760 3043 1844 μέλ-

593 1877 689 1944 λει
748 1879 950 1944 πάντα
1000 1881 1087 1954 εἷς
1131 1879 1204 1944 τὸ
1249 1880 1334 1960 μὴ
1382 1879 1459 1943 ὂν
1506 1883 1978 1965 φθαρήσεσθαι,
2052 1878 2204 1946 ἀλλ’
2250 1883 2559 1966 ἰσχύοντα
2605 1881 2933 1960 ὑπομένειν
2977 1881 3044 1944 ἐν

593 2003 732 2070 ταῖς
799 1993 1120 2062 διαλύσεσι
1190 1999 1317 2061 τῶν
1375 2000 1767 2082 συγκρίσεων
1806 1995 1883 2079 ¹),
1957 1995 2068 2059 sed
2112 1995 2225 2060 illa
2268 1995 2622 2082 principia,
2694 1996 2773 2060 de
2818 1995 3044 2082 quibus

594 2132 799 2176 sermo
864 2117 1042 2195 erat,
1112 2110 1587 2175 dialecticorum
1639 2133 1815 2176 more
1861 2112 2156 2197 probavit
2202 2134 2340 2177 esse
2366 2163 2383 2196 ,
2451 2112 2813 2199 primordiis
2858 2113 3045 2178 omis-

595 2229 701 2292 sis.
749 2267 832 2276 —
881 2227 1010 2294 Sed
1053 2249 1416 2314 pergamus.
2214 2228 2221 2236 ’

683 2345 888 2412 Addit
948 2353 1139 2432 poeta
1205 2346 1376 2411 aliud
1422 2353 1904 2431 argumentum,
1974 2348 2141 2434 quod
2186 2349 2575 2413 simillimum
2621 2355 2717 2412 est
2764 2349 2870 2430 ei,
2919 2368 3045 2434 quo

597 2487 750 2530 usus
797 2470 894 2529 est
938 2470 1157 2548 antea,
1203 2464 1283 2529 ad
1316 2485 1633 2528 summum
1663 2463 1969 2550 physicae
2008 2466 2390 2551 principium
2418 2464 2835 2552 probandum.
2882 2466 3045 2530 Sunt

597 2583 836 2665 atomi,
882 2603 1032 2646 nam
1075 2582 1375 2646 materies
1419 2603 1548 2646 non
1596 2581 1677 2646 ad
1722 2582 2042 2667 infinitum
2088 2583 2285 2648 dividi
2330 2589 2575 2669 potest3
2622 2583 2674 2647 si
2721 2584 2891 2647 enim
2936 2605 3046 2647 na-

596 2706 742 2765 tura
782 2700 977 2765 finem
1022 2721 1150 2763 non
1196 2700 1512 2785 posuisset
1555 2700 1746 2764 rebus
1778 2699 2166 2785 frangendis,
2213 2700 2340 2765 iam
2388 2722 2463 2765 eo
2512 2699 2857 2766 destructio
2902 2722 3044 2787 pro-

599 2840 816 2903 gressa
862 2823 1072 2901 esset,
1118 2824 1192 2881 ut
1237 2819 1412 2882 nulla
1457 2839 1559 2881 res
1604 2817 1811 2882 adhuc
1858 2794 2084 2883 durare
2130 2825 2384 2904 posset3
2439 2819 2687 2884 facilius
2732 2820 2903 2884 enim
2948 2824 3047 2884 est

601 2937 928 3001 destruere
989 2957 1179 3023 quam
1240 2942 1606 3001 construere
1637 2936 1702 3021 ²).
1794 2936 1940 3001 Hae
1986 2936 2181 3000 atomi
2225 2958 2411 3023 porro
2458 2937 2695 3002 solidae
2740 2943 2807 3002 et
2852 2936 3045 3002 durae

600 3075 739 3119 esse
786 3053 1022 3118 debent
1047 3102 1064 3137 ,
1113 3053 1412 3139 quoniam
1458 3054 1512 3117 si
1557 3053 1796 3119 solidae
1842 3059 2032 3136 sunt,
2079 3053 2253 3117 inani
2298 3052 2585 3119 admixto
2611 3104 2628 3137 ,
2673 3076 2777 3119 res
2820 3054 3045 3119 molles

599 3169 864 3257 produci
922 3175 1230 3257 possunt,
1301 3192 1445 3235 cum
1470 3220 1486 3253 ,
1555 3171 1609 3235 si
1669 3171 1846 3257 ipsae
1902 3171 2128 3235 molles
2174 3176 2416 3255 essent,
2464 3192 2592 3235 non
2637 3172 3041 3257 perspicuum

600 3293 804 3371 esset,
853 3289 963 3373 qui
1007 3287 1244 3352 solidae
1291 3310 1393 3352 res
1439 3294 1693 3352 exstare
1738 3293 2016 3373 possent.
2111 3288 2273 3353 Cum
2305 3295 2518 3353 autem
2552 3288 2757 3377 adhuc
2788 3309 3050 3375 corpora

604 3405 873 3488 durent,
923 3426 1185 3470 necesse
1233 3411 1362 3489 est,
1411 3411 1703 3469 constent
1749 3426 1785 3469 e
1831 3405 2193 3491 primordiis
2218 3456 2234 3488 ,
2281 3427 2442 3493 quae
2490 3405 2647 3471 dura
2690 3406 2851 3490 sint,
2899 3406 3047 3493 quia

603 3529 736 3588 tam
782 3522 891 3587 diu
933 3524 1062 3588 iam
1107 3523 1444 3587 immutata
1488 3524 1788 3588 existant.
1858 3524 2153 3609 Denique
2200 3524 2546 3588 secundum
2592 3530 2797 3589 certas
2840 3525 3046 3609 leges,

601 3662 718 3727 per
769 3639 1064 3723 „foedera
1105 3641 1400 3705 naturai’'
1447 3662 1666 3706 omnes
1705 3662 1809 3705 res
1858 3647 2151 3706 crescunt
2196 3641 2306 3724 ita,
2352 3647 2444 3725 ut,
2492 3642 2775 3728 exempli
2819 3642 3043 3727 gratia,

601 3758 866 3823 eaedem
933 3778 1084 3823 aves
1152 3762 1402 3845 semper
1447 3758 1674 3823 iisdem
1719 3759 1969 3825 niteant
2014 3758 2329 3823 coloribus
2355 3808 2372 3841 ,
2429 3758 2631 3845 quod,
2694 3780 2838 3823 cum
2882 3759 3047 3823 colo-

599 3897 702 3940 res
721 3926 737 3958 ,
805 3876 1042 3961 figura,
1110 3875 1483 3962 magnitudo
1529 3876 1852 3962 pendeant
1906 3876 1986 3940 ab
2026 3874 2246 3940 ordine
2304 3881 2704 3960 atomorum,
2749 3877 2889 3941 fieri
2918 3897 3047 3940 non

599 4000 849 4079 posset,
895 3994 1018 4057 nisi
1064 3998 1278 4059 essent
1321 4000 1535 4081 partes
1567 3993 1878 4081 quaedam
1909 3993 2340 4059 immutabiles
2365 3991 2436 4076 3),
2483 4014 2518 4058 e
2565 3994 2793 4081 quibus
2826 4015 3046 4060 omnes

666 4152 702 4214 ι)
772 4151 838 4200 D.
874 4151 934 4201 L.
969 4150 1056 4211 X,
1091 4154 1170 4200 41.

663 4246 704 4306 2)
771 4246 836 4296 D.
872 4245 930 4295 L.
965 4245 1046 4307 X,
1081 4248 1177 4295 66:
1214 4246 1334 4296 ὥστ’
1373 4246 1434 4296 οὐ
1471 4248 1628 4309 μόνον
1664 4248 1762 4307 τὴν
1795 4245 1865 4305 εἷς
1886 4247 2100 4311 ἄπειρον
2124 4248 2289 4311 τομὴν
2314 4248 2399 4297 ἐπὶ
2422 4248 2717 4298 τοῦλαττον
2738 4248 3047 4313 ἀναιρετέον,

597 4342 686 4393 ἰ’να
736 4343 804 4406 μὴ
836 4342 991 4393 πάντ’
1030 4343 1222 4403 ἀσθενῆ
1257 4344 1480 4403 ποιῶμεν
1513 4343 1596 4391 καὶ
1630 4341 1698 4400 ὡς
1731 4341 1787 4391 ἐν
1822 4346 1939 4399 ταῖς
1973 4341 2278 4408 περιλήψεσι
2312 4348 2415 4394 τῶν
2448 4343 2655 4408 ἀθρόων
2688 4342 2756 4401 εἰς
2792 4348 2850 4395 τὸ
2882 4344 2953 4407 μὴ
2985 4342 3046 4392 ὃν

599 4438 1009 4504 ἀναγκαζώμεθα
1044 4440 1106 4489 τὰ
1141 4438 1268 4488 ὄντα
1303 4437 1579 4501 θλίβοντες
1613 4439 2035 4498 καταναλίσκειν,
2071 4442 2187 4487 cett.

665 4534 704 4595 ³)
776 4534 838 4583 D.
878 4533 936 4583 L.
971 4532 1050 4594 X,
1085 4536 1175 4583 43:
1212 4531 1327 4583 οὐδὲ
1359 4535 1456 4599 γὰρ
1489 4534 1646 4599 φησὶν
1679 4531 1955 4598 ἐνδοτέρω,
1992 4533 2059 4591 εἰς
2091 4534 2309 4598 ἄπειρον
2340 4533 2373 4593 ἡ
2405 4535 2533 4598 τομὴ
2567 4534 2838 4599 τυγχάνει,
2874 4532 3047 4594 ἐπειδὴ

597 4630 650 4683 αἱ
685 4630 954 4691 ποιότητες
986 4628 1439 4693 μεταβάλλονται,
1478 4629 1518 4679 ει·
1549 4630 1618 4693 μὴ
1653 4628 1828 4693 μέλλει
1862 4648 1941 4689 τις
1974 4630 2060 4680 καὶ
2095 4632 2204 4688 τοῖς
2233 4629 2496 4695 μεγέθεσιν
2529 4631 2711 4689 ἁπλῶς
2743 4629 2813 4689 εἰς
2833 4630 3047 4694 ἄπειρον

602 4726 766 4783 αὐτὰς
799 4723 1084 4787 ἐκβάλλειν.
