3529 5359
1753 407 1875 468 100

584 611 810 674 τούτου
860 611 1231 693 Δημοκρίτῳ
1278 609 1750 691 συνεπόμενος,
1798 611 2065 674 ἐνταῦθα
2114 606 2177 675 δὲ
2225 609 2561 695 προλιπὼν
2606 611 2721 675 τὸν
2766 609 3035 695 λόγον),

584 725 756 794 ἇλλιὶ
815 731 910 792 καὶ
975 731 1099 791 τῶν
1147 725 1297 791 κατὰ
1343 728 1564 812 ψυχὴν
1610 729 1963 807 κινημάτων
2007 731 2103 792 καὶ
2150 725 2611 812 βουλευμάτων
2656 731 2890 813 ἑκάστῳ
2936 734 3033 792 καὶ

583 849 762 922 ἠθῶν
810 850 904 910 καὶ
951 849 1178 910 παθῶν
1225 847 1518 928 ἐμφάσεις
1567 842 2117 929 ἀναλαμβάνοντα
2164 847 2650 930 συνεφέλκεσθαι
2698 852 2792 910 καὶ
2842 874 3037 930 προσ-

583 968 892 1029 πίπτοντα
971 961 1118 1045 μετιὶ
1191 965 1432 1027 τούτων
1503 963 1708 1046 ὥσπερ
1781 962 2073 1048 ἔμψυχα,
2161 964 2419 1048 φράζειν
2480 970 2575 1029 καὶ
2646 961 3036 1030 διαστέλλειν

583 1091 720 1156 τοῖς
769 1077 1258 1166 ὑποδεχομένοις
1305 1079 1418 1154 τᾶς
1465 1085 1592 1144 τῶν
1636 1083 1975 1162 μεθιέντων
2023 1080 2176 1146 αὐτοὶ
2224 1079 2420 1156 δόξας
2451 1087 2544 1146 καὶ
2578 1079 3037 1166 διαλογισμοὺς

587 1204 683 1265 καὶ
732 1197 932 1282 ὁρμάς
959 1247 975 1274 ,
1050 1193 1203 1263 ὅταν
1259 1199 1615 1282 ἐνάρθρους
1665 1201 1757 1261 καὶ
1809 1197 2221 1284 ἆσυγχῦτους
2272 1198 2669 1282 φυλάττοντα
2716 1195 3036 1283 προσμίξῃ

585 1314 698 1390 nic
745 1315 1010 1394 εἰκόνας.

672 1432 778 1495 Ex
838 1453 1057 1496 eorum
1116 1436 1368 1512 mente,
1430 1431 1539 1515 qui
1605 1436 1848 1494 atomos
1920 1438 1985 1494 et
2052 1453 2325 1495 vacuum
2372 1433 2504 1495 sola
2550 1431 2767 1496 dicunt
2811 1453 3037 1495 revera

586 1571 764 1631 esse,
833 1549 994 1613 nihil
1057 1570 1208 1612 sane
1278 1549 1671 1612 constantius
1742 1549 1896 1616 dici,
1934 1555 2183 1634 potest,
2268 1572 2411 1614 oum
2487 1550 2564 1613 de
2648 1551 2849 1613 libera
2924 1571 3032 1612 vo-

584 1668 832 1731 luntate
908 1667 975 1729 in
1050 1665 1358 1730 eiusmodi
1454 1664 1740 1729 doctrina
1830 1688 1911 1729 ne
1981 1687 2186 1730 sermo
2255 1667 2511 1752 quidem
2602 1688 2739 1731 esse
2815 1667 3032 1753 possit.

589 1785 751 1850 Cum
817 1784 1065 1848 animus
1127 1783 1208 1846 sit
1274 1783 1542 1847 materia
1611 1784 1748 1846 eius
1794 1790 2003 1847 motus
2049 1791 2195 1846 sunt
2240 1791 2450 1847 motus
2495 1786 2799 1849 materiae
2847 1791 2910 1848 et
2956 1785 3035 1847 ad

587 1908 797 1966 motus
852 1907 1208 1965 atomorum
1253 1899 1616 1982 referendi,
1678 1900 1731 1963 si
1778 1922 2031 1965 causam
2079 1902 2458 1986 quaerimus
2550 1901 2739 1966 Hanc
2806 1902 3034 1964 seriem

585 2021 989 2084 Democritus
1052 2019 1370 2104 Epicurus
1436 2019 1776 2082 Lucretius
1852 2024 2140 2082 statuunt
2187 2041 2363 2082 esse:
2425 2025 2782 2084 atomorum
2826 2026 3036 2084 motus

585 2144 682 2201 est
749 2159 939 2201 causa
997 2143 1208 2200 motus
1271 2135 1656 2218 imaginum,
1726 2135 2040 2218 imagines
2081 2157 2179 2228 ¹se
2224 2143 2554 2201 moventes
2601 2137 2855 2222 pulsant
2902 2137 3035 2200 ani-

585 2275 764 2317 mum
786 2303 802 2335 ,
873 2254 1121 2316 animus
1188 2273 1414 2337 eorpus
1473 2251 1774 2337 propellit
1852 2273 1971 2337 ope
2052 2253 2321 2315 animae.
2434 2253 2772 2316 Lucretius
2839 2253 3037 2336 igitur

589 2369 709 2433 sibi
754 2391 880 2433 non
927 2376 1213 2433 constare
1258 2369 1531 2432 videtur.
1600 2369 1779 2442 Quae
1825 2369 1987 2432 libro
2034 2369 2310 2432 secundo
2360 2371 2475 2453 (vs.
2526 2372 2648 2433 277
2700 2371 2893 2455 seqq.)
2941 2369 3034 2432 di-

589 2488 717 2550 cit:
774 2488 1020 2568 „iamne
1066 2487 1246 2551 vides
1291 2486 1527 2570 igitur,
1574 2508 1958 2571 quamquam
2004 2487 2100 2550 vis
2147 2487 2389 2551 extima
2432 2488 2666 2550 multos
2696 2488 2920 2574 pellit,
2969 2491 3038 2549 et

587 2603 822 2666 invitos
891 2609 1076 2687 cogat
1141 2603 1482 2689 procedere
1554 2623 1742 2688 saepe
1811 2603 2317 2689 praecipitesque
2382 2603 2562 2689 rapi,
2632 2609 2849 2666 tamen
2896 2623 3033 2666 esse

587 2722 656 2785 in
722 2729 978 2807 pectore
1047 2727 1261 2785 nostro
1332 2721 1666 2807 quiddam,
1759 2722 1928 2806 quod
1998 2727 2214 2785 contra
2296 2742 2582 2807 pugnare
2659 2722 3035 2807 obstareque

589 2840 836 2925 possit?
883 2841 1060 2904 ouius
1109 2840 1188 2904 ad
1233 2840 1566 2903 arbitrium
1613 2816 1864 2925 quoqffie
1898 2840 2079 2924 copia
2112 2840 2403 2902 materiai
2436 2840 2685 2923 cogitur
2714 2840 3037 2903 interdum

589 2956 760 3019 flecti
822 2977 937 3042 per
989 2957 1306 3038 membra,
1376 2977 1492 3041 per
1559 2962 1797 3049 artus,
1848 2964 1912 3019 et
1957 2956 2239 3041 proiecta
2283 2956 2673 3037 refrenatur,
2736 2962 3033 3041 retroque

589 3074 850 3137 residit''
901 3112 981 3119 —
1029 3094 1164 3137 rem
1210 3072 1409 3137 nihilo
1457 3074 1789 3137 clariorem
1834 3073 2125 3137 reddunt.
2216 3073 2323 3136 Ex
2367 3095 2497 3137 una
2540 3079 2721 3158 parte
2766 3073 3035 3137 liberam

591 3192 987 3255 voluntatem
1060 3190 1400 3254 defendere
1468 3191 1649 3273 vult,
1716 3212 1800 3253 ex
1862 3191 2065 3254 altera
2131 3196 2345 3254 tamen
2414 3211 2555 3253 eam
2598 3212 2726 3253 non
2770 3190 3038 3254 liberam

592 3329 730 3372 esse
799 3308 983 3372 fateri
1051 3308 1338 3391 cogitur;
1409 3329 1555 3372 nam
1622 3308 1673 3371 si
1740 3308 2067 3372 ambulare
2127 3308 2314 3390 voIO,
2378 3308 2715 3371 simulacra
2780 3306 3037 3371 meandi

590 3426 866 3511 primum
933 3426 1220 3490 accidere
1283 3425 1552 3489 debent:
1624 3446 1776 3509 ergo
1840 3426 1891 3488 si
1944 3431 2203 3507 „contra
2246 3446 2564 3511 pugnare,
2614 3426 3036 3511 obstareque”

592 3545 736 3608 volo
783 3544 847 3608 vi
893 3546 1208 3627 extimae,
1256 3565 1418 3630 quae
1463 3565 1566 3607 me
1613 3544 1959 3629 propellit,
2007 3544 2283 3629 primum
2332 3544 2669 3608 simulacra
2698 3542 3042 3608 resistendi

591 3661 659 3724 in
721 3661 1003 3725 animum
1069 3682 1285 3725 meum
1352 3665 1688 3745 penetrare
1746 3660 2021 3744 debent,
2093 3682 2255 3746 quae
2302 3662 2697 3725 voluntatem
2742 3659 3040 3724 obstandi

593 3779 898 3843 excitent.

678 3896 736 3960 Ε
781 3896 918 3960 loco
965 3918 1156 3982 supra
1198 3895 1454 3960 laudato
1501 3886 1767 3981 apparet
1812 3895 2164 3981 Epicurum
2208 3918 2337 3959 non
2381 3896 2569 3981 plane
2616 3916 2760 3958 cum
2803 3895 3041 3960 Demo-

593 4013 750 4077 crito
797 4014 1189 4095 consentire,
1237 4036 1382 4077 cum
1428 4035 1554 4077 non
1602 4033 1820 4077 omnes
1866 4014 2059 4076 animi
2105 4018 2315 4076 motus
2364 4012 2587 4076 eodem
2627 4012 2813 4077 modo
2845 4018 3041 4098 atque

591 4150 893 4193 sensuum
960 4130 1402 4216 perceptiones
1471 4130 1796 4216 explicare
1865 4130 2160 4194 voluerit.
2255 4129 2664 4194 Democritus
2726 4130 2845 4193 sibi
2892 4152 3042 4193 oon-

593 4254 758 4315 stat:
820 4250 1023 4313 libera
1069 4249 1363 4312 voluntas
1407 4269 1536 4310 non
1583 4253 1721 4331 est,
1785 4248 1998 4312 omnia
2043 4248 2423 4311 necessitate
2469 4247 2673 4330 fiunt,
2738 4268 2885 4310 nam
2932 4248 3042 4312 οὐ·

594 4372 740 4435 σιάν
786 4368 1068 4453 ἀνάγκης
1114 4364 1278 4427 dixit
1323 4368 1437 4442 τὴν
1483 4368 1848 4431 ἀντιτυπίαν
1875 4414 1888 4427 .
1938 4369 2034 4430 καὶ
2081 4366 2195 4440 τὴν
2243 4361 2447 4450 φοράν
2494 4392 2587 4430 και
2631 4366 2750 4439 τὴν
2780 4366 3044 4447 πληγὴν

593 4496 704 4562 τῆς
765 4485 926 4560 ὕλης
965 4482 1022 4566 ¹).
1113 4482 1429 4568 Epicurus
1489 4487 1702 4546 tamen
1749 4487 2175 4565 congruenter
2221 4502 2365 4545 cum
2411 4482 2607 4546 totius
2653 4481 2789 4545 eius
2833 4479 3043 4566 philo-

659 4764 700 4827 ι)
766 4762 900 4811 Plut.
936 4761 1063 4823 plac.
1101 4760 1162 4821 Ι,
1201 4764 1279 4809 26.
