3529 5359
1697 322 1819 384 183

525 529 622 587 est
686 523 768 588 ad
828 524 1434 605 demonstrandum,
1507 529 1722 587 tamen
1788 522 1979 608 plane
2046 521 2270 605 negari
2335 541 2465 585 non
2522 526 2752 606 potest.
2844 519 2973 585 Sed

525 663 726 726 pauca
771 646 1040 705 tantum.
1099 641 1224 716 Qui
1271 642 1440 705 enim
1486 641 1609 704 loci
1655 641 1735 705 ad
1780 639 1945 704 hanc
1990 640 2362 722 formalem,
2410 646 2482 703 ut
2512 638 2632 703 hoc
2661 638 2969 704 vocabulo

525 765 666 822 utar
693 809 710 843 ,
758 759 1239 822 similitudinem
1284 759 1686 823 indicandam
1733 783 1772 824 a
1816 759 2034 822 multis
2080 758 2463 840 laudantur,
2526 757 2815 843 plerique
2860 761 2972 820 aut

524 896 670 938 casu
715 874 989 961 quodam
1036 895 1220 960 pares
1268 875 1598 957 videntur,
1661 880 1772 938 aut
1818 873 2165 938 similitudo
2212 875 2400 958 longe
2446 879 2544 937 est
2588 872 2862 958 repetita
2907 878 2971 936 et

524 992 726 1056 acutis
747 998 997 1056 tantum
1018 992 1215 1055 oculis
1241 992 1595 1076 perspicua.
1644 991 1806 1055 Cum
1833 996 2049 1054 autem
2073 991 2479 1077 Empedoclis
2497 1011 2751 1054 carmen
2767 990 2971 1053 multa

525 1109 865 1191 contineat,
899 1130 1060 1194 quae
1092 1115 1366 1194 poetam,
1397 1115 1470 1172 ut
1501 1130 1576 1173 ea
1604 1109 1979 1192 imitaretur,
2015 1110 2340 1173 stimulare
2368 1109 2704 1190 debebant,
2733 1108 2800 1172 in
2832 1108 2967 1194 qui-

523 1225 640 1288 bus
692 1226 1032 1290 Lucretius
1083 1225 1582 1310 Agrigentinum
1625 1248 1752 1289 non
1786 1227 2141 1290 aemulatus
2174 1232 2312 1309 est,
2364 1225 2691 1311 probabile
2723 1231 2819 1289 est
2850 1246 2926 1290 ea
2952 1273 2969 1307 ,

524 1363 686 1427 quae
733 1343 1012 1428 aliquam
1047 1343 1326 1428 speciem
1361 1342 1798 1406 similitudinis
1828 1323 2106 1408 habeant
2135 1364 2264 1406 non
2293 1348 2425 1406 tam
2456 1363 2539 1406 ex
2570 1342 2708 1428 ipso
2738 1342 2971 1428 Empe-

524 1459 702 1524 docle
743 1467 951 1524 sumta
983 1481 1154 1542 esse,
1189 1481 1378 1541 quam
1412 1481 1496 1523 ex
1527 1460 1807 1545 Epicuro
1833 1510 1849 1543 ,
1905 1461 2059 1546 qui,
2108 1460 2306 1524 Sexto
2332 1466 2495 1524 teste
2516 1511 2533 1544 ,
2580 1465 2857 1547 φωρᾶται
2894 1462 2969 1526 τὰ

525 1578 815 1661 κράτιστα
877 1582 1005 1642 τῶν
1065 1575 1399 1663 δογμάτων
1445 1578 1612 1660 παρὰ
1661 1581 1939 1653 ποιητῶν
1972 1576 2350 1661 ἆνηρπακώς
2390 1575 2449 1655 ¹).
2517 1575 2596 1638 In
2627 1596 2697 1639 re
2728 1576 2973 1640 incerta

525 1693 1038 1779 probabilitatem
1085 1693 1266 1778 sequi
1312 1693 1628 1756 convenit.

607 1810 713 1874 Ad
757 1810 922 1874 hanc
968 1787 1436 1874 conclusionem
1482 1809 1678 1893 igitur
1720 1809 2131 1892 investigatio
2187 1815 2401 1872 nostra
2444 1817 2559 1873 'nos
2591 1809 2777 1872 duxit
2800 1859 2817 1893 ,
2862 1814 2969 1892 ut,

523 1933 835 2013 quatenus
903 1926 1292 1990 evidentiam
1362 1927 1427 1990 in
1477 1926 1842 1989 huiusmodi
1888 1926 2365 2011 quaestionibus
2411 1926 2712 2012 consequi
2755 1947 2972 2011 possu-

521 2066 694 2128 mUS,
771 2050 1051 2127 constet,
1139 2044 1516 2108 Lucretium
1590 2042 2035 2129 philosopham
2112 2043 2463 2109 doctrinam
2539 2048 2972 2129 exponentem

521 2161 869 2247 Epicurum
917 2163 1122 2226 solum
1169 2169 1460 2226 secutum
1506 2183 1679 2244 esse,
1729 2161 1969 2246 optima
2013 2182 2160 2225 cum
2206 2161 2329 2224 fide
2381 2162 2501 2225 etsi
2546 2183 2676 2225 non
2722 2183 2973 2247 semper

524 2287 835 2345 accurate.
881 2282 1049 2344 Nam
1094 2279 1214 2344 hoc
1260 2301 1511 2365 quoque
1558 2279 1888 2364 apparuit,
1935 2284 2235 2363 poetam,
2284 2279 2579 2364 quamvis
2624 2300 2751 2342 non
2797 2301 2971 2365 pror-

523 2419 627 2460 sus
684 2397 1046 2483 philosophi
1091 2398 1349 2481 ingenio
1401 2396 1783 2460 destitutum
1808 2445 1825 2479 ,
1888 2403 2103 2461 tamen
2148 2397 2261 2460 vix
2306 2396 2669 2482 philosophi
2711 2398 2971 2462 nomine

524 2515 783 2599 dignum
811 2537 968 2579 esse.
1015 2515 1310 2599 Magistri
1339 2515 1572 2600 placita
1596 2514 1918 2578 interdum
1942 2535 2069 2578 non
2094 2513 2419 2577 intellexit
2444 2535 2645 2600 eoque
2672 2536 2971 2600 perverse

513 2631 973 2719 interpretatus
1011 2639 1108 2697 est
1155 2632 1257 2712 (cf.
1304 2652 1450 2718 pag.
1504 2633 1696 2715 129);
1751 2631 2073 2695 interdum
2105 2631 2299 2695 etiam
2318 2636 2639 2695 certamen
2656 2631 2776 2695 fuit
2806 2632 2974 2696 inter

521 2750 881 2835 philosophi
928 2756 992 2814 et
1023 2758 1250 2836 poetae
1273 2750 1642 2834 ingenium,
1673 2749 1843 2836 quod
1868 2756 2081 2813 tamen
2105 2748 2275 2813 hunc
2302 2770 2550 2835 semper
2583 2750 2829 2812 exitum
2860 2749 2972 2814 ha-

521 2868 676 2952 buit,
707 2874 779 2931 ut
802 2874 992 2953 poeta
1016 2870 1369 2954 praemium
1394 2867 1672 2932 auferret
1699 2867 1797 2949 (cf.
1832 2889 1892 2953 p.
1920 2870 2086 2945 121).
2118 2866 2210 2930 At
2233 2868 2371 2952 ipse
2400 2872 2589 2953 poeta
2611 2867 2972 2953 philosophi

521 2983 824 3049 honorem
885 2990 950 3049 et
995 2985 1264 3069 gloriam
1310 2985 1430 3049 sibi
1475 3007 1601 3048 non
1647 2984 1971 3066 vindicat,
2042 2983 2153 3047 sed
2198 2984 2561 3066 vinculum,
2608 2984 2778 3070 quod
2825 3006 2970 3047 cum

520 3100 796 3186 Epicuro
864 3123 1011 3165 eum
1078 3102 1287 3186 iungit
1354 3103 1573 3188 pulcre
1641 3102 1779 3188 ipse
1842 3102 2033 3166 canit.
2132 3102 2262 3185 „Te
2309 3122 2577 3187 sequor,
2652 3122 2687 3165 o
2736 3101 2968 3165 Graiae

521 3219 728 3302 gentis
797 3220 1022 3303 decus,
1092 3220 1286 3306 inque
1341 3220 1466 3283 tuis
1512 3242 1680 3302 nunc
1727 3220 1877 3283 ficta
1923 3220 2159 3305 pedum
2206 3240 2371 3304 pono
2417 3218 2651 3304 pressis
2696 3219 2969 3303 vestigia

521 3336 758 3420 signiS,
826 3359 954 3401 non
1020 3338 1112 3401 ita
1181 3337 1464 3401 certandi
1514 3336 1780 3421 cupidus
1826 3357 2015 3421 quam
2060 3342 2321 3421 propter
2366 3356 2647 3399 amorem
2692 3335 2859 3421 quod
2903 3342 2968 3399 te

520 3452 754 3517 imitari
799 3476 1002 3518 aveo:
1052 3454 1203 3539 quid
1250 3453 1420 3517 enim
1469 3453 1812 3517 contendat
1856 3453 2129 3516 hirundo
2176 3453 2433 3539 cycnis,
2482 3458 2593 3516 aut
2638 3453 2792 3538 quid
2819 3474 2969 3516 nam
3050 3460 3076 3485 '

521 3572 806 3635 tremulis
860 3571 1068 3635 facere
1115 3571 1380 3635 artubus
1424 3570 1613 3634 haedi
1665 3570 1995 3634 consimile
2041 3570 2109 3632 in
2156 3592 2344 3635 cursu
2387 3570 2633 3655 possint
2680 3576 2745 3633 et
2789 3570 2967 3634 fortis

521 3690 668 3774 equi
733 3688 878 3751 vis?
969 3689 1108 3771 Tu,
1171 3694 1386 3774 pater,
1453 3709 1522 3751 es
1565 3709 1780 3751 rerum
1825 3688 2164 3769 inventor,
2227 3693 2297 3751 tu
2343 3688 2551 3773 patria
2594 3688 2775 3751 nobis
2823 3710 2968 3773 sup-

517 3803 765 3889 peditas
810 3809 1153 3888 praecepta
1177 3853 1194 3886 ,
1241 3804 1494 3888 tuisque
1543 3824 1668 3886 ex,
1718 3803 1995 3885 inclute,
2045 3801 2325 3886 chartis,
2373 3802 2666 3866 floriferis
2709 3808 2783 3865 ut
2815 3824 2967 3889 apes

519 3920 586 3982 in
632 3921 894 3984 saltibus
931 3920 1152 3984 ‘omnia
1179 3921 1382 3984 libant
1408 3970 1423 3993 ,
1466 3920 1677 3983 omnia
1709 3941 1824 3983 nos
1856 3919 2079 3983 itidem
2115 3919 2515 4004 depascimur
2544 3941 2738 3984 aurea
2763 3920 2966 4003 dicta,

521 4058 747 4117 aurea,
779 4044 1090 4123 perpetua
1138 4060 1389 4124 semper
1435 4038 1805 4122 dignissima
1834 4039 2008 4101 vita'’
2036 4036 2100 4121 2).
2148 4037 2578 4125 Antiquorum
2602 4038 2969 4104 testimonia

524 4154 694 4218 idem
725 4155 1117 4220 confirmant.
1180 4155 1614 4219 Laudavimus
1658 4156 1788 4219 iam
1832 4155 2244 4219 Lactantium
2291 4155 2613 4220 dicentem
2665 4156 2967 4243 „Epicuri

523 4272 694 4336 enim
726 4278 874 4336 sunt
920 4272 1135 4336 omnia
1170 4293 1332 4358 quae
1367 4272 1594 4337 delirat
1625 4272 2027 4337 Lucretius.”
2076 4273 2176 4337 De
2200 4272 2503 4338 Lucretio
2533 4295 2721 4360 porro
2746 4276 2968 4339 confir-

587 4562 623 4627 ¹)
696 4562 832 4612 Sext.
866 4561 1010 4625 Emp.
1045 4562 1156 4611 adv.
1193 4562 1409 4611 Gramm.
1447 4561 1476 4612 I
1497 4599 1511 4623 ,
1550 4565 1637 4623 13,
1675 4565 1785 4616 275.

583 4654 625 4720 ²)
695 4657 818 4717 III,
853 4672 926 4705 vs.
963 4659 1137 4707 3—13.
1174 4657 1235 4705 cf.
1269 4655 1314 4705 V
1341 4691 1356 4721 ,
1385 4659 1464 4705 55.
