3529 5359
1768 310 1890 372 180

848 515 968 576 Καὶ
1014 511 1180 596 πρὸς
1222 519 1358 591 τοῖς
1404 509 1536 578 οὔτ’
1581 511 1752 577 ἄλλο
1799 541 1854 577 τι
1899 516 2183 599 γίγνεται
2229 511 2363 580 οὐδ’
2409 513 2722 601 ἀπολήγει

829 744 1046 812 ’Άλλο
1095 744 1160 812 δέ
1203 775 1302 812 τοι
1346 750 1491 833 ἐρέω
1542 768 1556 782 ·
1608 751 1799 834 φύσις
1846 746 2111 828 οὐδενός
2158 752 2324 815 ἐστιν
2372 749 2671 815 ἁπάντων

843 868 1135 942 θνητῶν,
1182 862 1329 930 οὐδέ
1369 892 1464 943 τις
1510 865 1864 948 οὐλομένου
1909 867 2213 932 θανάτοιο
2258 866 2549 944 τελευτή,

842 979 1014 1045 ἀλλὰ
1058 981 1261 1061 μόνον
1304 978 1476 1062 μῖξίς
1520 1008 1582 1045 τε
1629 963 1971 1057 ὃιάλλαξές
2015 1011 2077 1047 τε
2122 985 2433 1068 μιγέντων

841 1100 1010 1176 ἐστι’,
1057 1101 1243 1184 φύσις
1292 1096 1344 1163 δ’
1391 1101 1487 1163 ἐπὶ
1533 1107 1670 1173 τοῖς
1716 1099 2088 1180 ὀνομάζεται
2135 1100 2570 1184 ἀνθρώποισιν
2617 1120 2631 1134 ·

840 1217 904 1278 ἐκ
945 1220 1058 1279 τοῦ
1104 1215 1230 1300 γὰρ
1275 1215 1358 1295 μὴ
1406 1216 1630 1289 ἐόντος(
1673 1213 2010 1300 ἀμήχανόν
2056 1219 2182 1281 ἐστι
2226 1219 2554 1299 γενέσθαι,

839 1334 916 1396 τό
956 1332 1009 1396 τ’
1054 1335 1160 1397 ἐὸν
1205 1329 1600 1406 ἐξόλλυσθαι
1645 1330 2006 1407 ἆνὴνυστον
2053 1337 2149 1398 καὶ
2198 1333 2518 1418 ἄπρηκτον
2556 1331 2617 1408 ¹).

668 1447 844 1511 Luce
891 1453 989 1512 est
1034 1447 1283 1531 clarius,
1330 1448 1396 1511 ni
1444 1447 1739 1530 fallimur,
1788 1449 2159 1513 Lucretium
2232 1449 2337 1513 hic
2384 1470 2634 1536 quoque
2682 1449 3031 1535 Epicurum

579 1571 904 1649 secutum,
950 1565 1230 1629 breviter
1278 1565 1491 1629 omnia
1537 1565 2130 1651 comprehendisse,
2180 1589 2342 1652 quae
2388 1567 2497 1631 ille
2543 1573 2765 1631 contra
2808 1566 3029 1631 adver-

579 1682 774 1746 sarios
842 1705 1113 1747 vacuum
1180 1689 1492 1767 negantes
1560 1685 1903 1769 scripserit.
1994 1684 2177 1748 Idem
2245 1685 2638 1750 ostendimus
2706 1705 2855 1770 pag.
2906 1686 3061 1768 138*

580 1799 658 1863 de
724 1821 816 1864 vs.
889 1802 1010 1863 786
1081 1821 1254 1886 seqq.
1317 1821 1354 1864 c
1416 1800 1579 1864 libro
1625 1801 1690 1865 V
1715 1851 1732 1884 ,
1810 1801 1920 1886 qui
1966 1822 2004 1864 a
2047 1802 2317 1865 Munroo
2350 1799 2401 1884 2)
2448 1801 2529 1866 ad
2573 1799 3028 1886 Empedoclem

576 1917 975 2002 potissimum
1019 1917 1400 1982 referuntur.
1449 1918 1656 1993 Quam
1703 1925 1944 1983 temere
1990 1919 2313 1983 interdum
2360 1924 2554 2003 agant
2597 1919 2666 1982 in
2710 1916 3028 2004 Empedo-

577 2033 731 2098 cleis
799 2056 944 2098 cum
1009 2034 1415 2100 Lucretianis
1473 2036 1762 2100 versibus
1809 2036 2247 2122 comparandis
2290 2035 2439 2100 inde
2484 2035 2665 2099 vides
2709 2033 2879 2120 quod
2921 2034 3025 2117 ΙΙ,

584 2153 751 2214 1112
799 2172 970 2238 seqq.
1019 2152 1428 2216 conferuntur
1474 2175 1618 2216 cum
1664 2152 2071 2238 Empedoclis
2116 2155 2277 2236 273,
2330 2155 2455 2235 74,
2525 2154 2694 2235 378,
2744 2154 2823 2216 79
2858 2150 2941 2235 ³),
2986 2172 3027 2216 a

578 2268 855 2333 Munroo
881 2320 898 2353 ,
943 2257 1017 2333 ut
1058 2292 1258 2334 unum
1303 2271 1582 2335 afferam.
1675 2270 1761 2333 Et
1806 2277 2022 2335 tamen
2065 2270 2226 2335 nihil
2273 2270 2527 2334 omnino
2572 2269 2813 2334 habent
2858 2288 3025 2333 com-

578 2407 775 2450 mune
842 2393 1095 2472 praeter
1162 2388 1438 2452 sonitum
1504 2388 1977 2452 vocabulorum.
2068 2387 2489 2473 Empedocles
2547 2408 2853 2469 narranS,
2916 2388 3027 2472 qui

575 2504 850 2568 mundus
923 2526 1008 2568 ex
1085 2506 1418 2570 elementis
1464 2506 1814 2590 coaluerit,
1864 2506 2054 2570 dicit:
2134 2511 2280 2590 πυρὶ
2360 2502 2419 2571 δ’
2470 2502 2795 2579 αὐξάνεται
2864 2510 3025 2588 πῦρ,

577 2621 744 2699 αὔξει
814 2621 876 2690 δὲ
947 2625 1132 2711 χθὼν
1197 2631 1308 2706 μὲν
1379 2629 1677 2711 σφέτερον
1726 2623 1953 2708 δέμας,
2024 2627 2238 2711 αἰθέρα
2288 2621 2339 2690 δ’
2386 2627 2595 2708 αἰθήρ.
2686 2621 3025 2687 Lucretius

572 2742 730 2815 item
777 2742 1140 2806 describens
1186 2744 1296 2829 qui
1338 2743 1613 2807 mundus
1657 2749 1802 2828 post
1855 2749 2143 2828 „tempus
2187 2741 2507 2826 genitale’'
2556 2740 2860 2824 creverit,
2905 2738 3024 2803 hos

574 2882 795 2925 versus
841 2861 1058 2926 addit:
1113 2883 1297 2944 „nam
1343 2884 1458 2925 sua
1503 2862 1733 2947 cuique
1760 2912 1776 2945 ,
1840 2861 1996 2925 locis
2043 2882 2127 2924 ex
2174 2861 2467 2925 omnibus
2492 2910 2508 2943 ,
2560 2860 2773 2924 omnia
2816 2858 3025 2946 plagis

574 2999 838 3065 corpora
899 2979 1366 3044 distribuuntur
1419 2985 1482 3043 et
1527 2980 1609 3043 ad
1654 3001 1769 3043 sua
1816 2979 2025 3042 saecla
2069 2978 2420 3060 recedunt,
2492 2999 2675 3041 umor
2718 2976 2799 3041 ad
2841 2997 3020 3040 umo-

570 3119 749 3181 rem,
818 3104 1072 3163 terreno
1131 3120 1393 3184 corpore
1460 3104 1632 3163 terra
1692 3097 1961 3179 crescit,
2024 3101 2091 3159 et
2157 3096 2374 3179 ignem
2432 3095 2615 3179 ignes
2661 3094 3021 3180 procudunt

572 3220 845 3302 aeraque
891 3216 1063 3280 aer?
1152 3216 1456 3279 Formam
1510 3215 1876 3301 respicienti
1924 3213 2162 3277 similes
2208 3212 2412 3277 videri
2458 3218 2724 3298 possunt
2768 3212 2838 3275 hi
2878 3232 3020 3275 ver-

573 3354 678 3398 sus
704 3382 720 3415 ,
791 3332 902 3396 sed
957 3334 1266 3397 Munrous
1327 3338 1511 3419 putat
1557 3353 1664 3396 eos
1709 3352 1779 3395 re
1822 3331 1992 3395 inter
2038 3352 2105 3395 se
2156 3350 2507 3414 congruere
2538 3327 2626 3413 4),
2696 3327 2866 3415 quod
2910 3329 3019 3415 qui

572 3447 794 3513 doctus
862 3453 928 3511 et
988 3469 1188 3533 sagax
1255 3448 1354 3512 vir
1420 3448 1804 3512 contendere
1872 3447 2074 3532 possit
2134 3468 2262 3511 non
2310 3446 2637 3531 intellego.
2728 3445 3019 3510 Primum

570 3566 741 3631 enim
808 3587 1012 3652 aqua,
1084 3566 1299 3650 igniS,
1369 3572 1580 3649 terra,
1637 3586 1747 3629 aer
1793 3586 1923 3629 non
1975 3564 2199 3629 eadem
2259 3570 2408 3627 sunt
2469 3564 2724 3650 utrique
2769 3569 3018 3649 poetae.

566 3683 939 3770 Empedocli
1021 3690 1170 3747 sunt
1239 3684 1558 3747 elementa
1623 3704 1839 3746 rerum
1858 3732 1874 3765 ,
1958 3681 2261 3746 Lucretio
2329 3688 2475 3745 sunt
2543 3657 3019 3767 complexiones

565 3807 940 3867 atomorum.
1031 3800 1281 3866 Deinde
1350 3800 1520 3887 apud
1587 3800 2045 3886 Empedoclem
2114 3798 2543 3881 conveniunt,
2600 3799 2750 3884 quia
2794 3803 3018 3863 mutuo
3089 3888 3094 3892 1

566 3940 706 3984 sese
777 3925 1033 4003 amant,
1111 3919 1473 4003 ὁμοιωθέντ’
1543 3914 1889 4004 Ἀφροδίτῃ
1958 3916 2183 4000 (266):
2260 3914 2572 3980 eiusmodi
2631 3915 3017 4002 principium

628 4198 665 4262 ¹)
732 4197 1043 4261 Empedoclis
1078 4195 1308 4247 Carmina
1337 4195 1492 4245 edidit
1528 4196 1676 4245 Miill.
1713 4212 1789 4246 vs.
1827 4198 1918 4258 92,
1956 4198 2197 4247 98—103.

630 4292 672 4356 ²)
740 4292 820 4341 Ad
851 4291 896 4342 V
915 4328 930 4352 ‚
967 4290 1076 4343 783.

626 4386 669 4450 ³)
735 4386 816 4436 Ex
848 4386 964 4436 edit.
1000 4385 1145 4435 Miill.

624 4480 666 4547 ⁴²)
734 4480 850 4531 Non
897 4480 1072 4531 iisdem
1122 4478 1285 4531 verbis
1334 4479 1428 4530 hoc
1461 4479 1603 4540 dicit,
1655 4496 1771 4529 cum
1803 4496 1921 4530 vero
1953 4484 2097 4542 putet
2131 4495 2303 4529 versus
2336 4478 2561 4529 laudatos
2594 4476 2861 4530 convenire
2894 4492 3015 4528 cum

560 4576 704 4639 Emp.
747 4577 839 4629 273
859 4613 872 4637 ‚
909 4577 970 4628 74
984 4612 998 4637 ‚
1033 4577 1164 4640 quod
1195 4580 1362 4625 tamen
1398 4576 1460 4624 ad
1491 4575 1699 4626 formam
1733 4575 1943 4625 attineat
1976 4574 2143 4639 potius
2176 4590 2291 4625 cum
2314 4575 2407 4629 378
2422 4611 2436 4637 ,
2475 4574 2535 4627 79
2552 4611 2567 4636 ,
2602 4573 2841 4625 concludo
2862 4572 3013 4624 illum

556 4675 731 4735 putare
762 4670 946 4735 priores
981 4686 1152 4721 versus
1189 4686 1241 4720 re
1273 4669 1403 4721 inter
1437 4686 1488 4721 se
1521 4671 1801 4722 convenire.
