3529 5359
1876 395 1960 458 30

691 597 812 662 hoc
877 617 1101 661 revera
1159 597 1382 661 fecisse
1442 597 1648 660 multa
1690 596 1873 661 nobis
1919 595 2325 682 persuadent.
2415 596 2584 661 Nam
2628 617 2792 682 quae
2840 597 2917 661 de
2964 596 3139 662 Ana-

693 736 972 798 xagorae
1016 715 1255 801 profert
1301 715 1619 797 doctrina,
1685 735 1835 779 eum
1882 714 2168 779 docuisse
2216 734 2354 778 esse
2400 713 2914 779 homoeomerian
2962 721 3027 777 et
3068 715 3139 777 in

696 833 986 896 omnibus
1029 832 1221 896 rebus
1267 833 1479 896 omnia
1523 832 1732 896 inesse
1761 881 1778 914 ,
1841 831 2151 896 eiusmodi
2198 838 2347 895 sunt
2375 881 2391 914 ,
2438 839 2511 896 ut
2555 833 2775 917 procul
2822 831 3011 895 dubio
3057 831 3140 894 ab

691 951 830 1036 ipso
891 950 1168 1036 Epicuro
1228 950 1354 1013 sint
1422 955 1706 1014 tractata,
1801 951 2043 1032 Porr0,
2112 956 2185 1013 ut
2244 949 2585 1034 magister,
2649 950 2737 1012 sic
2784 947 3134 1033 discipulus

695 1087 988 1152 quoque,
1057 1086 1183 1129 non
1229 1087 1433 1151 pauca
1479 1087 1562 1130 ex
1607 1066 2037 1151 Anaxagorae
2080 1073 2296 1130 mente
2344 1065 2511 1130 dixit
2541 1066 2603 1149 ¹).
2696 1064 2824 1131 Sed
2868 1067 2934 1128 ni
2979 1066 3143 1130 falli-

693 1206 877 1267 mur,
933 1184 1235 1249 audacius
1278 1185 1406 1248 iam
1451 1185 1602 1248 licet
1646 1185 1998 1270 loquamur.
2092 1185 2195 1248 Ex
2240 1186 2397 1270 ipsis
2442 1186 2611 1249 enim
2657 1189 2883 1270 poetae
2927 1185 3141 1248 verbis

694 1301 874 1387 sequi
939 1302 1120 1366 nobis
1182 1302 1437 1365 videtur
1497 1323 1644 1366 eum
1699 1301 2128 1387 Anaxagorae
2173 1303 2404 1366 librum
2450 1323 2577 1366 non
2623 1302 2869 1386 legisse.
2962 1302 3143 1366 Inter

693 1418 1195 1483 homoeomerias
1228 1420 1396 1483 enim
1430 1427 1762 1483 enumerat
1794 1421 1942 1501 (840
1968 1469 1984 1502 ,
2032 1421 2109 1483 41
2142 1469 2157 1502 ,
2208 1422 2286 1484 67
2314 1469 2331 1502 ,
2381 1422 2482 1503 71)
2515 1427 2751 1484 terram
2784 1426 2849 1484 et
2879 1419 3093 1505 ignem
3122 1469 3139 1502 ,

695 1555 838 1599 cum
886 1541 1100 1598 tamen
1145 1534 1525 1598 Aristoteles
1573 1535 1817 1599 duobus
1861 1536 2049 1618 lociS,
2095 1536 2208 1600 ubi
2254 1557 2401 1601 eum
2449 1536 2791 1621 diligenter
2822 1536 2997 1622 loqui
3029 1557 3142 1600 ne·-

695 1673 847 1737 gare
899 1673 1026 1716 non
1072 1673 1441 1737 possumus,
1492 1654 1792 1738 quoniam
1808 1653 2238 1737 Anaxagorae
2265 1659 2328 1718 et
2354 1653 2761 1739 Empedoclis
2786 1653 3143 1718 doctrinam

693 1770 861 1833 inter
884 1791 950 1833 se
976 1769 1274 1855 opponit,
1299 1769 1605 1852 affirmet,
1644 1771 1825 1834 illum
1871 1770 2029 1834 haec
2078 1771 2201 1836 duo
2247 1771 2413 1835 inter
2460 1775 2731 1838 σύνθετα
2762 1771 3043 1856 posuisse
3066 1770 3141 1854 2).

694 1886 787 1951 At
855 1887 1048 1951 etiam
1109 1887 1161 1950 si
1220 1886 1339 1950 hoc
1385 1887 1650 1951 fortasse
1697 1886 1904 1951 dubiis
1950 1888 2297 1952 obnoxium
2345 1909 2483 1952 esse
2530 1895 2784 1974 posset,
2853 1895 3143 1952 constare

696 2010 912 2069 tamen
958 2004 1252 2087 videtur,
1299 2025 1522 2068 vocem
1554 2009 1935 2091 ὁμοιομέρειαι
1956 2055 1973 2088 ,
2005 2027 2129 2090 qua
2160 2005 2508 2070 similitudo
2550 2007 2833 2070 omnium
2863 2007 3145 2091 partium

699 2121 766 2185 in
810 2121 1001 2185 rebus
1047 2121 1439 2206 simplicibus
1485 2123 1869 2207 exprimitur
1897 2172 1912 2205 ,
1960 2144 2087 2186 non
2121 2123 2299 2209 ipsae
2332 2124 2527 2187 atomi
2559 2124 2748 2209 (apud
2772 2123 3145 2188 Lucretium

695 2239 955 2326 quidem
991 2246 1056 2303 et
1081 2239 1482 2324 Epicurum),
1530 2261 1693 2325 quae
1718 2247 1936 2304 tamen
1959 2262 2089 2304 vox
2113 2263 2151 2304 a
2173 2247 2366 2326 poeta
2394 2241 2823 2326 Anaxagorae
2852 2241 3144 2306 attribui-

695 2365 800 2421 tur
845 2358 919 2442 (Ι.
970 2379 1062 2422 vs.
1091 2359 1284 2440 834),
1333 2358 1412 2422 ab
1445 2379 1520 2421 eo
1551 2379 1879 2446 nunquam
1905 2365 2275 2445 usurpatam
2308 2380 2446 2424 esse
2472 2359 2557 2442 ³),
2590 2381 2734 2425 cum
2764 2364 3011 2446 partes,
3042 2381 3145 2424 res

759 2639 794 2698 ¹)
865 2639 938 2689 Of.
977 2639 1143 2689 Munr.
1181 2640 1243 2689 ad
1278 2639 1368 2701 ΙΙ,
1417 2655 1491 2689 vs.
1537 2641 1646 2689 991.
1717 2638 1819 2689 Hic
1852 2638 1929 2690 vir
1962 2641 2134 2692 doctus
2166 2644 2311 2704 putat
2348 2639 2429 2706 (ad
2466 2640 2521 2703 Ι,
2558 2641 2672 2707 834)
2732 2639 3019 2691 Lucretium
3052 2655 3143 2702 ea,

691 2750 818 2799 quae
869 2735 929 2784 de
980 2736 1276 2798 Anaxagora
1318 2734 1465 2795 dicit,
1502 2734 1565 2783 ab
1596 2734 1704 2797 ipso
1737 2740 1789 2784 et
1822 2735 1884 2784 ab
1918 2734 2133 2798 Epicuro
2165 2740 2450 2785 mutuatum
2482 2744 2587 2786 esse
2607 2774 2620 2797 ,
2656 2751 2955 2801 quamquam
2986 2734 3139 2785 huius

693 2828 944 2893 opinionis
977 2829 1193 2894 priorem
1226 2835 1414 2893 partem
1447 2846 1547 2879 non
1580 2829 1772 2893 probat..

758 2926 798 2989 2)
869 2926 947 2975 cf.
983 2925 1144 2976 Zeller
1179 2925 1238 2986 Ι,
1275 2930 1328 2974 4⁸
1362 2926 1438 2975 ed.
1473 2942 1586 2991 pag.
1623 2928 1718 2978 876
1739 2962 1752 2986 ,
1788 2930 1837 2975 et
1872 2926 2140 2976 Munroum
2174 2927 2237 2977 ad
2269 2943 2343 2976 vs.
2382 2926 2435 2988 Ι,
2472 2930 2583 2976 834.

757 3021 798 3084 ³)
866 3020 1061 3081 Zeller,
1108 3036 1221 3085 pag.
1256 3023 1315 3072 87
1324 3023 1383 3081 7,
1430 3026 1532 3071 not.
1573 3024 1632 3081 l,
1684 3019 1927 3084 imprimis
1968 3037 2079 3085 pag.
2134 3023 2227 3072 879
2260 3026 2363 3072 not.
2404 3025 2443 3070 1.
2514 3022 2652 3079 Quae
2703 3021 2869 3073 Munr.
2901 3036 3011 3085 pag.
3049 3023 3141 3069 391

693 3114 835 3165 affert
883 3131 910 3166 e
961 3116 1221 3179 Gomperts
1273 3115 1507 3168 Zeitschs.
1542 3116 1628 3165 fiir
1661 3116 1872 3166 Oesterr.
1908 3117 2089 3183 Gymn.
2126 3117 2225 3167 vol.
2265 3121 2352 3179 18,
2403 3133 2450 3180 p.
2489 3120 2582 3166 212
2615 3117 2789 3180 fragm.
2826 3119 2854 3164 6
2874 3153 2887 3177 ,
2932 3115 3047 3165 libri
3082 3118 3144 3165 28

693 3213 808 3276 περὶ
841 3211 1060 3275 φύσεωςε
1112 3214 1204 3269 „ra
1255 3230 1312 3276 γε
1363 3214 1642 3276 (στοιχεῖον
1709 3212 1805 3271 ἤδη
1854 3213 1948 3271 τὴν
1998 3212 2338 3276 ὁμοιομέρειαι)
2381 3215 2454 3276 τῷ
2485 3211 2770 3278 φαινομένῳ
2805 3211 3140 3277 κεκτημένον”

690 3306 985 3363 ostendunt,
1044 3304 1316 3370 Epicurum
1349 3304 1443 3353 hoc
1477 3304 1776 3355 vocabulum
1808 3304 1862 3353 in
1894 3305 2138 3369 singulari
2170 3320 2375 3355 numero
2408 3322 2670 3368 usurpasse
2683 3342 2696 3365 ‚
2753 3320 2913 3370 neque
2946 3306 2998 3355 id
3015 3342 3028 3365 ,
3085 3310 3147 3355 ut

692 3399 984 3462 posteriores
1003 3436 1016 3459 ‚
1071 3399 1133 3448 ad
1181 3398 1426 3463 principia
1474 3399 1836 3449 denominanda
1855 3434 1869 3460 ,
1921 3400 2006 3449 sed
2039 3402 2101 3449 ad
2134 3400 2425 3465 qualitatem
2458 3402 2705 3464 quandam
2739 3400 3106 3464 exprimendam
3130 3436 3143 3459 ,

693 3509 843 3559 quam
877 3493 1289 3558 significationem
1324 3494 1620 3543 abstractam
1640 3531 1652 3554 ‚
1709 3499 1769 3543 ut
1802 3494 2012 3543 dicimus
2028 3530 2041 3554 ,
2077 3495 2341 3545 Lucretius
2375 3511 2570 3559 quoque
2603 3494 2843 3544 vocabulo
2876 3492 3112 3543 adscribit
3130 3530 3145 3554 ,

693 3589 735 3638 si
768 3589 889 3654 quid
923 3589 1146 3639 videmus
1165 3626 1178 3649 ,
1214 3604 1374 3653 neque
1408 3594 1465 3637 ut
1498 3588 1658 3637 Zeller
1690 3592 1835 3651 putat
1868 3588 2176 3639 collectivam
2202 3608 2261 3635 =
2288 3591 2351 3638 τὰ
2380 3592 2659 3653 ὁμοιομερῆ.
2731 3589 2842 3639 Hoc
2864 3587 3147 3651 exemplum

693 3689 861 3733 autem
910 3684 1151 3733 affirmare
1196 3699 1355 3733 meam
1405 3682 1683 3747 opinionem
1735 3681 1862 3732 mihi
1909 3683 2121 3733 videtur.
2190 3684 2383 3734 Revera
2432 3684 2565 3733 Plut.
2620 3683 2747 3747 plac.
2784 3683 2810 3733 I
2828 3720 2840 3744 ,
2878 3687 2906 3733 3
2922 3720 2934 3743 ‚
2975 3688 3003 3733 8
3037 3682 3142 3733 ait:

693 3780 798 3830 ἀπὸ
834 3782 922 3830 τοῦ
958 3780 1048 3829 οὖν
1083 3779 1229 3844 ὅμοια
1268 3782 1329 3829 τὰ
1363 3784 1489 3844 μέρη
1524 3782 1650 3829 εἶναι
1685 3780 1738 3828 ἐν
1775 3784 1839 3844 τῇ
1874 3784 2035 3845 τροφῇ
2071 3784 2180 3838 τοῖς
2214 3779 2568 3844 γεννωμένοις,
2603 3776 2941 3843 ὁμοιομερείας
2982 3780 3148 3835 αὐτὰς

693 3875 930 3935 ἐκάλεσε,
985 3875 1070 3923 sed
1128 3880 1299 3924 contra
1338 3890 1452 3923 eum
1485 3873 1776 3923 Aristoteles
1808 3879 2050 3935 testatur,
2086 3877 2150 3924 τὰ
2183 3876 2446 3938 ὁμοιομερῆ
2482 3875 2813 3938 (ὁμοιομέρεια
2846 3874 2895 3923 ei
2926 3874 3148 3924 nondum

694 3976 768 4019 est
801 3968 994 4034 notum)
1032 3969 1196 4031 potius
1219 3985 1396 4018 nomen
1423 3970 1599 4018 ducere
1623 3969 1684 4018 ab
1707 3969 1769 4017 iis
1791 3968 1937 4018 rebus
1954 4006 1967 4029 ,
2002 3984 2129 4033 quae
2151 3985 2214 4017 ex
2236 3969 2451 4019 eiusdem
2478 3970 2669 4033 generis
2692 3969 2867 4020 atomis
2890 3970 2991 4019 sint
3014 3984 3148 4018 com-

694 4064 881 4127 positae
913 4068 970 4113 ut
1002 4079 1136 4124 ossa,
1172 4079 1282 4113 caro
1301 4101 1314 4122 ‚
1351 4068 1480 4124 cett,
1517 4079 1631 4113 cum
1665 4078 1777 4123 aer,
1812 4062 1943 4127 ignis
1960 4069 1983 4123 ‚'
2012 4063 2384 4113 commixtiones
2418 4064 2517 4114 sint
2540 4080 2567 4113 e
2590 4064 2771 4113 diversi
2794 4066 2985 4128 generis
3008 4062 3147 4127 prin-

694 4158 836 4223 cipiis
891 4158 998 4209 sive
1047 4158 1315 4208 elementis.
1383 4160 1535 4208 Arist.
1586 4174 1634 4221 p.
1672 4161 1796 4218 314,
1854 4174 1897 4207 a.
1937 4157 2067 4218 (edit.
2106 4157 2321 4223 Bekk.):
2382 4159 2770 4224 (Ἀναξαγόρας)
2824 4160 2916 4223 μὲν
2950 4162 3045 4223 γὰρ
3082 4162 3150 4209 τὰ

693 4254 959 4320 ὁμοιομερῆ
1012 4260 1238 4319 στοιχεῖα
1273 4253 1510 4317 τίθησιν,
1565 4253 1676 4304 οἷον
1707 4256 1896 4305 ὀστοῦν
1930 4255 2014 4304 καὶ
2049 4256 2214 4317 σάρκα
2250 4256 2334 4304 καὶ
2365 4256 2569 4316 μυελόν,
2605 4257 2688 4303 καὶ
2723 4261 2825 4305 τῶν
2857 4256 3037 4305 ἄλλων
3071 4252 3150 4303 ὧν

692 4348 908 4399 ἑκάστου
965 4352 1263 4411 συνώνυμον
1321 4352 1379 4400 τὸ
1435 4348 1584 4412 μέρος
1638 4349 1797 4397 ἐστίν.
1867 4348 2178 4410 Δημόκριτος
2234 4346 2283 4397 δὲ
2340 4350 2423 4398 καὶ
2474 4348 2762 4408 Λεύκιππος
2810 4350 2865 4400 ἐι·
2901 4350 3150 4413 σωμάτων

693 4444 994 4508 ἀδιαιρέτων
1051 4446 1220 4495 τᾶλλα
1279 4441 1575 4509 συγκεῖσθαί
1630 4453 1780 4507 φασι,
1840 4446 2004 4492 ταῦτα
2055 4442 2283 4508 δ’ἇπειρα
2320 4446 2403 4493 καὶ
2436 4447 2495 4495 τὸ
2534 4446 2737 4505 πλῆθος
2772 4449 2898 4495 εἶναι
2934 4447 3018 4495 καὶ
3053 4447 3147 4503 τὰς

693 4542 914 4605 μορφάς,
969 4539 1103 4589 αὐτὰ
1151 4538 1200 4588 δὲ
1253 4542 1383 4602 πρὸς
1430 4540 1563 4589 αὐτὰ
1617 4536 1868 4603 διαφέρειν
1903 4536 2103 4595 τούτοις
2136 4540 2187 4593 ἐξ
2224 4538 2295 4589 ὧν
2328 4539 2419 4587 εἰσὶ
2456 4541 2537 4588 καὶ
2571 4540 2703 4587 θέσει
2739 4541 2825 4589 καὶ
2858 4542 2991 4595 τάξει
3029 4539 3146 4589 τοῦ·

693 4654 886 4685 των...
907 4670 918 4682 .
956 4635 1019 4694 (οἱ
1054 4636 1166 4695 περὶ
1199 4636 1562 4699 Ἀναξαγόραν
1597 4633 1823 4700 λέγουσι)
1862 4636 2033 4684 ταῦτα
2067 4635 2159 4698 μὲν
2193 4636 2379 4699 (σάρκα
2412 4638 2496 4685 καὶ
2520 4638 2708 4687 ὀστοῦν
2730 4655 2814 4686 και
2839 4638 2902 4686 τὰ
2932 4638 3146 4686 τοιαῦτα

694 4734 797 4781 τῶν
832 4728 1154 4793 ὁμοιομερῶν)
1193 4729 1342 4781 ἁπλᾶ
1377 4729 1460 4778 καὶ
1496 4733 1751 4793 στοιχεῖα,
1790 4733 1890 4795 γῆν
1924 4727 1973 4778 δὲ
2010 4731 2094 4779 καὶ
2127 4733 2230 4794 πῦρ
2265 4732 2349 4779 καὶ
2386 4730 2517 4795 ὕδωρ
2554 4732 2639 4781 καὶ
2672 4731 2795 4795 ἀέρα
2832 4732 3072 4781 σύνθετα.
