3529 5359
1930 411 2013 474 82

749 634 1080 700 corporum
1123 613 1600 700 proficiscantur
1625 663 1641 696 ,
1687 613 1955 677 formam
2000 634 2253 678 servare
2297 619 2601 700 possunt,
2648 635 2765 678 nec
2812 614 3175 679 scinduntur

748 738 820 796 ut
877 732 1088 796 fumus
1147 738 1212 796 et
1256 753 1455 817 vapor
1477 781 1493 814 ,
1553 733 1662 817 qui
1709 753 1793 795 ex
1838 731 2138 796 interiore
2185 752 2519 816 corporum
2562 737 2742 818 parte
2789 734 3173 818 procedunt,

747 849 860 914 sed
917 871 992 914 eo
1051 870 1299 936 quoque
1344 845 1416 913 fit
1460 855 1532 913 ut
1577 850 1962 914 exteriorem
2006 855 2254 935 partem
2300 871 2635 934 corporum
2679 856 2928 914 tantum
2972 851 3176 916 videa-

746 990 888 1031 mus
923 967 983 1045 ¹).
1073 967 1254 1032 Haec
1307 967 1642 1032 simulacra
1688 989 1875 1052 porro
1921 967 2002 1031 ad
2044 967 2364 1030 infinitum
2410 973 2555 1031 sunt
2600 969 2819 1034 tenuia
2842 967 2887 1046 2)
2918 1017 2934 1050 ,
2980 969 3071 1032 ita
3113 975 3178 1031 ut

748 1107 968 1150 eorum
1036 1085 1444 1148 dissolutione
1515 1105 1779 1169 corpora
1845 1106 1971 1147 non
2018 1083 2467 1148 diminuantur.
2558 1085 2650 1148 Ut
2694 1085 2919 1170 probet
2963 1107 3179 1150 revera

747 1207 992 1278 tantam
1059 1201 1436 1264 tenuitatem
1482 1205 1735 1263 exstare
1782 1220 1965 1285 posse
1992 1249 2008 1281 ,
2077 1205 2266 1285 poeta
2310 1199 2549 1284 profert
2593 1201 2993 1285 exemplum,
3062 1221 3177 1287 quo

747 1319 1166 1384 subtilitatem
1233 1324 1586 1382 atomorum
1641 1317 2018 1400 intellegere
2064 1317 2414 1401 possimus:
2493 1317 2825 1398 „animalia
2870 1324 3017 1381 sunt
3059 1318 3179 1381 iam

748 1436 980 1520 partim
1047 1435 1335 1517 tantula,
1408 1455 1675 1519 quorum
1743 1434 1986 1496 extima
2055 1431 2261 1515 (codd.
2322 1435 2531 1510 tertia)
2579 1455 2724 1519 pars
2768 1434 2947 1498 nulla
2990 1434 3181 1519 Possit

747 1552 992 1615 ratione
1038 1551 1240 1615 videri
1293 1600 1306 1613 .
1352 1550 1580 1614 horum
1624 1550 1997 1613 intestinum
2042 1549 2307 1636 quodvis
2349 1550 2533 1634 quale
2569 1570 2704 1613 esse
2737 1549 3177 1635 putandumst!

675 1665 681 1671 ’
746 1667 898 1754 quid
943 1669 1146 1732 cordis
1192 1668 1417 1752 globus
1461 1673 1574 1732 aut
1619 1667 1836 1731 oculi?
1906 1665 2058 1753 quid
2102 1667 2441 1730 membra?
2512 1667 2664 1753 quid
2708 1668 2939 1730 artus?
2995 1689 3182 1754 quan-

747 1787 883 1850 tula
927 1786 1112 1848 sunt!
1169 1784 1322 1871 quid
1365 1789 1696 1869 praeterea
1740 1784 2089 1869 primordia
2132 1806 2419 1871 quaeque
2446 1835 2462 1867 ,
2526 1785 2696 1849 unde
2742 1786 2954 1850 anima
2998 1793 3182 1871 atque

748 1903 942 1966 animi
996 1909 1241 1967 constet
1285 1911 1513 1966 natura
1559 1907 1989 1966 necessumst?
2050 1923 2259 1988 nonne
2306 1903 2482 1966 vides
2528 1925 2719 1988 quam
2764 1903 2891 1966 sint
2936 1903 3186 1967 subtilia

748 2041 1061 2106 quamque
1107 2020 1393 2083 minuta”
1420 2021 1449 2082 Ρ
1477 2021 1543 2096 3).
1594 2019 1755 2083 Cum
1803 2040 1954 2103 ergo
2000 2027 2130 2084 tam
2178 2027 2401 2083 tenues
2446 2020 2572 2082 sint
2616 2021 2850 2102 atomi,
2900 2021 3182 2106 sequitur

744 2159 958 2201 rerum
1003 2138 1368 2218 simulacra,
1417 2157 1581 2222 quae
1628 2137 2112 2201 crassitudinem
2163 2159 2289 2201 non
2336 2137 2615 2200 habeant
2661 2138 2783 2200 nisi
2830 2137 3020 2201 unius
3055 2143 3180 2202 ato-

746 2255 876 2337 mi,
922 2263 1059 2330 ταῖς
1104 2256 1482 2330 λεπτότησιν
1528 2253 2040 2340 ἀνυπερβλήτοις
2088 2261 2427 2341 κεχρῆσθαι
2451 2255 2525 2338 4).

837 2372 1019 2436 Haec
1087 2372 1402 2436 conclusio
1469 2379 1683 2436 tamen
1749 2372 1817 2435 in
1884 2373 2201 2436 codicibus
2261 2373 2490 2436 nostris
2545 2394 2671 2436 non
2730 2374 3007 2456 legitur,
3076 2373 3181 2458 qui

744 2489 964 2574 procul
1025 2488 1214 2578 dubio
1281 2509 1514 2572 magna
1580 2488 1807 2551 lacuna
1851 2488 2181 2570 laborant,
2254 2510 2397 2552 cum
2442 2509 2533 2551 VS.
2588 2491 2705 2552 127
2754 2509 3009 2552 versum
3063 2491 3179 2552 126

747 2606 1044 2692 excipere
1078 2626 1205 2668 non
1231 2605 1448 2690 possit.
1497 2604 1757 2668 Lachm.
1784 2610 1969 2691 putat
1997 2605 2258 2691 periisse
2284 2626 2503 2669 versus
2542 2606 2957 2670 Lucretianos
2990 2605 3183 2670 XXV

745 2730 810 2787 et
877 2724 1102 2808 capitis
1168 2724 1472 2806 titulum,
1543 2744 1648 2787 eos
1715 2730 1930 2787 autem
1998 2724 2383 2787 continuisse
2411 2774 2427 2806 ,
2494 2730 2747 2809 praeter
2795 2724 3183 2809 superiorem

743 2840 920 2904 illam
989 2840 1495 2922 conclusionem,
1564 2840 1947 2904 sententiam
2013 2840 2415 2904 huiusmodi:
2492 2862 2665 2923 „esse
2734 2842 2890 2905 item
2944 2842 3183 2905 maiora

747 2958 1119 3039 simulacra,
1188 2957 1427 3021 scilicet
1487 2977 1522 3020 e
1589 2957 1807 3020 multis
1869 2963 2059 3042 atque
2121 2958 2468 3021 innumeris
2512 2964 2679 3022 inter
2724 2979 2789 3022 se
2836 2958 3183 3022 coniunctis

747 3074 1014 3156 effecta,
1083 3079 1154 3136 ut
1214 3074 1527 3157 fulgorem
1572 3074 1738 3158 ignis
1785 3073 2095 3156 aetherii,
2166 3096 2290 3159 quo
2336 3075 2501 3138 inter
2546 3076 2896 3139 tonitruum
2944 3076 3183 3138 sonitus

747 3169 957 3252 omnia
1027 3194 1414 3273 occupentur
1477 3195 1542 3252 et
1587 3189 2071 3271 contineantur,
2135 3190 2246 3273 qui
2289 3190 2557 3271 fulmine
2603 3192 2773 3254 claro
2820 3192 3030 3254 omnia
3063 3211 3183 3274 per

746 3307 987 3369 sonitus
1055 3312 1264 3388 arcet,
1342 3312 1577 3369 terram
1603 3355 1619 3388 ,
1694 3326 1871 3370 mare
1896 3355 1912 3388 ,
1990 3306 2283 3369 coelmffl.
2384 3306 2565 3371 Haec
2625 3314 2945 3393 postrema
2988 3307 3182 3371 verba

745 3423 957 3509 potius
1057 3422 1250 3486 Ennii
1335 3444 1474 3486 esse
1541 3423 1839 3486 videntur
1904 3445 2093 3509 quam
2167 3423 2427 3509 Epicuri
2459 3430 2527 3501 5).
2650 3425 2950 3489 Ceterum
3022 3445 3183 3510 quae

743 3774 1006 3825 intervalla
1037 3774 1090 3825 vi
1121 3774 1460 3838 percipiuntur
1477 3812 1491 3837 ,
1526 3791 1624 3840 qua
1655 3776 1896 3841 imagi-nes
1911 3814 1924 3836 ,
1950 3792 2110 3826 aerem
2132 3776 2456 3839 propellentes
2476 3815 2488 3838 ,
2522 3777 2577 3826 in
2598 3793 2769 3827 sensus
2792 3781 2983 3827 nostros
3022 3779 3184 3827 incur-

745 3873 874 3917 runt.
941 3869 1213 3933 Nunquam
1261 3886 1337 3919 res
1381 3870 1513 3933 ipsas
1563 3870 1789 3921 videmus
1806 3908 1819 3931 ,
1872 3888 2040 3921 earum
2096 3871 2337 3935 imagines
2393 3876 2588 3921 tantum
2610 3907 2624 3932 ,
2676 3887 2803 3937 quae
2836 3887 2867 3921 a
2896 3871 3037 3921 nobis
3071 3888 3183 3921 oum

747 3963 869 4027 ipsis
899 3965 1046 4013 rebus
1079 3965 1472 4015 confunduntur.

816 4056 851 4121 ¹)
919 4057 1008 4108 IV.
1045 4060 1105 4107 88
1139 4072 1270 4122 seqq.
1308 4058 1370 4107 D.
1405 4058 1468 4107 L.
1503 4058 1569 4108 X.
1607 4061 1687 4108 49.

813 4151 853 4217 2)
921 4152 985 4201 D.
1030 4152 1086 4201 L.
1121 4152 1186 4202 X.
1221 4156 1315 4202 46:
1363 4157 1678 4215 λεπτότησιν
1716 4152 1999 4219 ἀπέχοντες
2041 4152 2243 4219 μακράν
2287 4160 2390 4205 τῶν
2430 4156 2756 4221 φαινομένων.
2792 4156 2879 4208 47:
2932 4154 3185 4221 χρήσιμον

750 4246 812 4307 δὴ
853 4249 937 4297 καὶ
979 4250 1442 4325 τοῦτοὶκατασχεῖν
1473 4254 1532 4302 τὸ
1567 4254 1846 4315 στοιχεῖον,
1890 4252 2005 4312 ἤτοι
2038 4252 2117 4301 ὅτι
2150 4252 2216 4302 τὰ
2252 4251 2431 4302 εἴδωλα
2465 4256 2580 4311 ταῖς
2614 4254 2929 4311 λεπτότησιν
2960 4250 3184 4316 ἀνυπερ-

749 4341 967 4406 βλήτοις
999 4342 1258 4407 κέχρηται.

813 4437 854 4502 ³)
925 4436 1014 4488 IV.
1054 4441 1158 4486 116.

813 4532 854 4597 4)
925 4532 986 4581 D.
1021 4532 1080 4583 L.
1115 4532 1180 4582 X.
1217 4536 1294 4584 48.
1361 4532 1608 4596 Epicurus
1641 4532 1762 4583 dicit
1792 4533 1847 4583 in
1870 4533 2144 4585 simulacris
2166 4537 2235 4599 μὴ
2258 4535 2362 4587 δεῖν
2384 4533 2518 4587 κατὰ
2540 4536 2711 4601 βάθος
2733 4540 2793 4589 τὸ
2819 4536 3179 4603 «mmmmm

753 4625 1006 4693 γίνεσθαι,
1040 4643 1156 4693 ergo
1187 4628 1336 4679 unius
1367 4628 1520 4678 atomi
1551 4628 1737 4679 habent
1770 4628 2156 4680 crassitudinem.

815 4722 856 4788 ⁶)
927 4722 1004 4772 cf.
1039 4723 1241 4773 Lachm.
1277 4728 1328 4773 et
1361 4724 1527 4773 Munr.
