3529 5359
1603 385 1680 446 75

407 583 667 668 poribus
731 584 1132 650 insinuantur
1158 636 1175 669 ,
1243 586 1354 650 sed
1421 608 1566 650 cum
1634 606 1895 671 corpore
1962 591 2309 650 nascuntur
2376 592 2442 648 et
2508 585 2853 648 intereunt.

409 700 609 766 Suum
675 707 918 765 certum
985 723 1272 789 quaeque
1319 723 1535 767 semen
1580 702 1775 766 habet
1820 703 2059 792 anima,
2106 701 2275 765 unde
2320 703 2602 766 nascitur
2648 702 2850 783 (746).

407 817 580 903 Ergo
633 839 782 900 „cur
825 820 1000 882 milia
1040 819 1241 882 multa
1294 821 1646 884 animarum
1692 819 2073 883 conveniant
2116 818 2285 882 unde
2318 839 2447 882 una
2477 817 2853 881 recesserit''

409 938 577 1018 (724)
623 957 749 1000 non
796 935 1049 1000 difficile
1097 943 1192 1001 est
1239 939 1586 1022 explicam.
1678 937 1924 1002 Eodem
1968 937 2176 1019 mod0,
2224 958 2348 1023 quo
2395 958 2479 1000 ex
2524 957 2651 1000 uno
2698 935 2852 999 duo-

406 1053 606 1118 busve
669 1055 1034 1139 corporibus
1091 1057 1294 1120 multa
1337 1060 1685 1120 nascuntur
1731 1077 2030 1141 corpora,
2079 1077 2224 1118 cum
2269 1056 2471 1118 multa
2515 1054 2713 1117 insint
2759 1073 2854 1118 se-

405 1171 616 1253 mina,
681 1173 919 1236 multae
965 1173 1213 1236 animae
1258 1194 1508 1260 quoque
1553 1179 1900 1237 nascuntur
1942 1167 2113 1236 unde
2159 1193 2287 1236 una
2331 1173 2635 1253 recessit,
2709 1191 2854 1235 cum

405 1287 608 1352 multa
673 1289 870 1352 insint
916 1290 1160 1354 semina
1202 1291 1556 1356 animarum
1600 1292 1668 1353 in
1712 1312 1840 1355 uno
1888 1291 2165 1354 animali.
2258 1289 2363 1352 Ex
2410 1288 2668 1353 Stobaei
2716 1287 2853 1351 Ecl.

405 1427 469 1490 p.
521 1408 646 1470 900
691 1406 910 1471 videre
957 1408 1108 1471 licet
1151 1407 1315 1472 hanc
1363 1408 1712 1472 doctrinam
1757 1430 1901 1471 cum
1949 1408 2212 1493 Epicuri
2257 1406 2362 1471 vel
2406 1406 2856 1492 discipulorum

406 1521 656 1608 placitis
745 1545 1172 1607 congrueret.
1269 1529 1346 1590 Οἱ
1444 1523 1497 1591 δ’
1552 1529 1616 1591 ἐν
1706 1527 1988 1611 ἀπείροις
2081 1527 2381 1606 κόσμοις,
2473 1525 2679 1608 ὥσπερ
2774 1520 2848 1599 δὴ

409 1645 467 1706 οἱ
523 1646 660 1726 περὶ
732 1643 1127 1726 Δημόκριτον
1195 1648 1290 1708 καὶ
1357 1643 1782 1725 Ἐπίκουρον,
1850 1644 1979 1710 ἀπὸ
2047 1648 2174 1707 τῶν
2252 1641 2526 1726 ἀπείρων
2601 1642 2855 1722 ἀτόμων

407 1757 559 1822 κατὰ
626 1762 972 1843 συντυχίαν
1041 1763 1519 1844 συνερχομένων
1579 1763 2000 1824 συνίστασθαι
2052 1760 2167 1833 τὰς
2212 1758 2431 1843 ψυχὰς
2479 1758 2854 1842 ἡγούμενοι,

408 1875 706 1958 ἀπείρους
765 1876 960 1950 αὐτὰς
1006 1875 1157 1942 εἶναι
1203 1880 1517 1958 ἑπομένως
1563 1886 1700 1956 ταῖς
1748 1880 1998 1950 οἰκείαις
2042 1877 2419 1940 ὑποθέσεσιν
2466 1875 2855 1957 ἀποφαῖνον·

407 2018 525 2054 ται.
612 1995 731 2055 Καὶ
778 1995 837 2055 οἱ
882 1996 993 2071 μὲν
1039 1995 1101 2056 ἐκ
1147 1995 1517 2077 σπερμάτων
1564 1994 1758 2067 αὐτὰς
1804 1997 2153 2077 γεννῶντες
2202 1991 2461 2054 ἑκάστου
2508 1985 2854 2070 δυναμένου

405 2107 625 2173 πολλὰ
687 2114 988 2193 σπείρειν,
1049 2116 1144 2174 καὶ
1207 2108 1386 2175 τοῦδε
1445 2111 1791 2193 προϊόντος
1846 2111 1933 2175 ἆεῖ
1998 2115 2093 2174 καὶ
2166 2106 2405 2190 οὐδαμῆ
2475 2109 2805 2187 ἱσταμένου
2834 2153 2851 2182 ,

408 2227 557 2291 κατὰ
605 2227 720 2302 τὴν
767 2229 1011 2311 γένεσιν
1059 2232 1155 2292 καὶ
1204 2230 1268 2292 ἐν
1313 2234 1405 2312 τῷ
1443 2231 1779 2313 ’γίγνεσθαι
1826 2229 1916 2292 ἀεὶ
1956 2228 2029 2291 τὸ
2070 2226 2327 2311 ἄπειρον
2375 2224 2852 2290 ἀπολείπουσιν.

411 2345 490 2405 Οἱ
557 2339 618 2407 δὲ
688 2343 839 2407 κατὰ
904 2341 1274 2428 μεταβολὴν
1341 2341 1408 2416 ἐξ
1452 2345 1594 2418 ἑνὸς
1641 2342 1809 2428 ζῴου
1856 2346 2266 2428 φθειρομένου
2314 2345 2409 2405 καὶ
2455 2337 2673 2404 πολλὰ
2722 2337 2853 2423 ζῷα

408 2462 505 2522 καὶ
578 2457 838 2534 πολλὰς
904 2459 1076 2538 ζωὰς
1134 2461 1533 2547 παράγοντες
1600 2463 1665 2525 ἐν
1724 2465 1814 2546 τῷ
1877 2457 2303 2544 μεταβάλλειν
2352 2461 2680 2543 συνεχῶς,
2755 2459 2851 2519 καὶ

407 2572 708 2657 μηδέποτε
754 2575 1086 2641 ἐπιλείπειν
1130 2579 1246 2653 τὴν
1293 2580 1354 2642 ἐκ
1398 2587 1508 2656 τῆς
1552 2575 1916 2663 μεταβολῆς
1966 2574 2409 2662 ὃιαδεχομένην
2470 2575 2854 2658 ἀειγενεσίαν

408 2696 602 2781 ταύτῃ
669 2694 741 2759 τὸ
810 2696 1161 2781 ἀπέραντον
1227 2694 1483 2771 πλῆθος
1549 2700 1676 2760 τῶν
1745 2698 1976 2782 ψυχῶν
2038 2698 2417 2759 ἐπινοοῦσιν.
2507 2691 2854 2754 Praeterea

408 2809 707 2894 quoniam
752 2809 1043 2896 quodque
1089 2811 1459 2873 animalium
1489 2831 1691 2901 genus
1707 2832 1907 2874 'suum
1937 2809 2132 2873 habet
2162 2809 2518 2893 ingenium,
2558 2807 2851 2889 „leonum

408 2946 612 3010 genus
679 2948 889 2991 acrem
954 2928 1324 2992 violentiam
1343 2978 1360 3011 ,
1425 2929 1646 3014 volpes
1707 2928 1956 3010 dolum,
2026 2928 2197 2991 cervi
2243 2926 2524 3011 fugam”‚
2572 2925 2851 2990 dubitari

407 3064 537 3107 non
579 3050 790 3130 potest
835 3046 988 3131 quin
1026 3067 1138 3109 suo
1190 3045 1468 3127 „semine
1513 3046 1907 3132 seminioque
1952 3046 2048 3109 vis
2093 3044 2290 3109 animi
2333 3044 2573 3129 pariter
2611 3048 2853 3107 crescat

409 3181 556 3225 cum
623 3184 884 3248 corpore
952 3167 1125 3226 toto”
1164 3166 1232 3240 ³).
1336 3163 1406 3228 Si
1481 3169 1695 3227 autem
1771 3163 1872 3245 „in
1940 3169 2159 3227 tenero
2206 3183 2467 3248 corpore
2510 3161 2854 3227 tenerascit

407 3279 649 3361 mens”,
698 3280 838 3365 quis
885 3286 980 3343 est
1026 3279 1134 3366 qui
1180 3280 1424 3345 animos
1467 3281 1767 3345 mortales
1813 3301 1950 3345 esse
1996 3301 2231 3365 negare
2277 3280 2521 3365 possit?

495 3396 788 3482 Denique
833 3403 904 3461 ut
949 3398 1161 3461 omnia
1204 3399 1426 3483 paucis
1470 3399 2002 3484 comprehendat,
2052 3398 2441 3463 demonstrat
2485 3396 2854 3460 immortali-

409 3517 605 3577 tatem
673 3514 869 3577 animi
932 3536 1189 3601 prorsus
1255 3536 1614 3602 repugnare
1672 3516 1949 3599 rationi,
2021 3538 2212 3602 quam
2266 3536 2381 3601 per
2425 3520 2624 3579 totam
2668 3520 2854 3579 natu-

408 3650 544 3695 ram
605 3631 893 3695 videmus
953 3632 1323 3697 adhibitam.
1422 3634 1536 3715 „In
1598 3632 1859 3697 aethere
1926 3655 2054 3697 non
2100 3634 2325 3717 arbor,
2397 3653 2524 3697 non
2580 3650 2853 3718 aequore

409 3748 571 3812 salso
636 3749 837 3813 nubes
906 3770 1042 3813 esse
1089 3756 1370 3836 queunt,
1437 3772 1556 3815 nec
1601 3752 1807 3836 pisces
1851 3752 2069 3815 vivere
2116 3752 2183 3814 in
2229 3751 2397 3815 arvis
2422 3800 2438 3833 ,
2505 3770 2625 3813 nec
2671 3769 2857 3812 cruor

407 3867 474 3929 in
518 3865 708 3949 lignis
752 3887 961 3953 neque
1008 3868 1180 3932 saxis
1224 3890 1411 3932 sucus
1437 3869 1708 3932 inesse”.
1764 3868 2066 3951 „Certum
2096 3890 2171 3934 ac
2204 3868 2580 3954 dispositum
2613 3871 2710 3930 est
2741 3865 2853 3930 ubi

409 3982 707 4068 quicquid
779 3989 1020 4047 crescat
1090 3988 1155 4047 et
1221 3984 1436 4047 insit'’.
1527 3984 1653 4059 Qui
1721 3991 1937 4049 autem
1998 4006 2143 4048 cum
2186 3983 2306 4047 hoc
2352 3983 2547 4047 totius
2589 3987 2855 4045 naturae

411 4099 630 4163 ordine
679 4101 1039 4163 concineret
1085 4101 1368 4165 animum
1416 4102 1609 4165 etiam
1656 4109 1841 4167 extra
1886 4124 2113 4189 corpus
2156 4103 2374 4167 vivere
2419 4121 2601 4187 posse
2648 4105 2713 4163 et
2758 4120 2855 4163 so-

409 4217 540 4279 lum
585 4238 624 4279 a
675 4223 975 4298 „naturae
1019 4218 1422 4283 foederibus”
1474 4220 1748 4284 liberum
1796 4222 1985 4284 esse?
2014 4222 2079 4302 2).
2152 4219 2279 4284 Sed
2322 4219 2555 4283 rationi
2599 4223 2853 4282 nostrae

408 4332 529 4418 ipsi
595 4339 953 4419 repugnat,
1024 4356 1098 4397 eo
1161 4335 1347 4398 modo
1373 4384 1390 4418 ,
1453 4341 1525 4398 ut
1568 4335 1916 4399 adversarii
1975 4342 2237 4421 putant,
2284 4335 2666 4399 immortalia
2710 4355 2855 4398 cum

476 4626 515 4685 ¹)
583 4626 668 4675 Vs.
708 4628 976 4679 741-775,

474 4720 517 4777 2)
583 4721 667 4770 Vs.
707 4723 846 4773 782-
867 4726 944 4774 97.
1014 4724 1198 4773 Eodem
1231 4726 1374 4775 modo
1406 4725 1724 4775 ratiocinatus
1757 4732 1834 4777 est
1870 4743 1937 4775 vs.
1975 4729 2068 4774 646
2102 4741 2232 4791 seqq.
2270 4728 2363 4775 613
2398 4740 2530 4791 seqq.
