3529 5359
1915 352 1998 414 58

739 551 1089 615 relaturum
1134 572 1272 616 esse
1317 551 1587 639 Epicuri
1635 551 2007 616 doctrinam.
2096 551 2333 638 Incipit
2380 573 2419 616 a
2462 553 2684 617 mortis
2735 553 3005 637 timore,
3062 575 3185 640 quo

737 667 972 731 iustam
1055 668 1133 732 de
1201 668 1411 733 animo
1483 668 1834 733 doctrinam
1902 689 2229 755 exponens
2296 669 2585 734 homines
2649 670 2921 734 liberare
2991 670 3182 757 cupit.

739 784 1002 872 Epicuri
1072 786 1243 850 enim
1305 791 1370 850 et
1415 786 1703 851 Lucretii
1745 791 1966 869 aetas,
2028 807 2189 872 quae
2246 792 2514 872 utraque
2560 787 2969 853 scientiarum
3013 790 3187 853 cultu

739 908 806 966 et
872 901 1108 966 civium
1152 903 1220 966 in
1265 903 1448 967 bonis
1493 903 1916 989 prosperitate
1960 903 2266 986 florebat,
2312 909 2529 968 tamen
2575 903 2694 968 hoc
2739 911 2917 969 metu
2972 905 3185 991 impri-

738 1018 860 1083 mis
920 1020 1321 1104 angebantur
1344 1070 1360 1103 ,
1421 1019 1592 1106 quod
1652 1041 1797 1084 cum
1859 1039 1895 1084 e
1952 1021 2170 1085 multis
2237 1021 2486 1107 scriptis
2556 1027 2693 1084 tum
2761 1041 2797 1085 e
2851 1022 2930 1086 D.
2979 1022 3055 1087 L.
3100 1021 3183 1086 X.

743 1138 866 1200 124
927 1158 1097 1224 seqq.
1145 1143 1210 1201 et
1258 1137 1581 1202 Ciceronis
1627 1137 1768 1202 libr.
1815 1139 1850 1202 I
1892 1138 2075 1223 Disp.
2123 1138 2311 1202 Tusc.
2360 1160 2484 1225 quo
2532 1138 2610 1202 de
2655 1145 2859 1203 morte
2908 1145 3187 1203 contem-

738 1253 950 1318 nenda
993 1255 1170 1339 agit,
1218 1255 1388 1319 effici
1434 1259 1662 1340 potest.

825 1371 1024 1436 Miser
1052 1373 1147 1435 rei
1177 1371 1468 1458 publicae
1501 1376 1738 1454 status,
1785 1371 2023 1436 veteris
2057 1370 2319 1436 deorum
2353 1372 2561 1436 cultus
2586 1378 2650 1436 et
2683 1371 2831 1436 fidei
2862 1373 3184 1456 interituS,

738 1488 1260 1576 philosophorum
1351 1489 1471 1552 sibi
1569 1489 1848 1553 vicissim
1930 1494 2363 1576 repugnantes
2431 1489 2754 1554 doctrinae
2843 1491 2911 1554 in
2984 1492 3187 1556 causis

739 1611 906 1669 sunt.
957 1609 1034 1672 Οἱ
1065 1605 1342 1682 πολλοὶ,
1390 1606 1706 1691 Epicurus
1737 1606 1987 1692 inquit,
2034 1609 2148 1671 τὸν
2180 1606 2464 1671 θάνατον
2498 1610 2599 1672 ὁτὲ
2630 1612 2743 1689 μὲν
2775 1608 2860 1684 ὡς
2890 1611 3187 1694 μέγιστον

736 1729 863 1789 τῶν
924 1728 1128 1789 κακῶν
1189 1727 1573 1809 φεύγουσιν,
1633 1729 1733 1790 ὁτὲ
1781 1721 1837 1789 δ’
1868 1725 1955 1799 ὡς
2000 1725 2353 1789 ἀνάπαυσιν
2398 1727 2526 1787 τῶν
2572 1726 2639 1788 ἐν
2682 1731 2772 1809 τῷ
2817 1725 2935 1800 ζῆν
2983 1731 3187 1791 κακῶν

738 1845 1058 1908 ποθοῦσιν
1091 1842 1153 1923 ¹).
1243 1840 1532 1906 Vulnera
1577 1841 1746 1905 vitae
1792 1862 1920 1904 non
1964 1840 2293 1904 minimam
2326 1845 2573 1925 partem
2604 1842 2825 1905 mortis
2855 1842 3187 1907 formidine

739 1959 1037 2042 aluntur,
1101 1959 1418 2024 exclamat
1460 1963 1650 2044 poeta
1680 1955 1749 2036 ²).
1843 1957 2156 2033 Quoniam
2202 1963 2344 2043 post
2376 1963 2646 2021 mortem
2677 1959 2913 2023 multos
2945 1958 3189 2024 dolores

736 2077 1102 2162 patientur,
1172 2082 1243 2140 ut
1301 2076 1592 2141 homines
1635 2075 1977 2161 opinantur
2021 2075 2214 2159 vulgo
2240 2124 2256 2157 ,
2323 2094 2439 2161 per
2482 2075 2577 2139 fas
2624 2081 2689 2139 et
2732 2075 2911 2140 nefas
2956 2077 3189 2162 gaudia

739 2199 1051 2280 appetunt
1075 2231 1099 2276 ,·
1152 2199 1224 2258 ut
1290 2194 1504 2258 tristes
1547 2193 1769 2257 mortis
1811 2193 2059 2275 minas,
2132 2213 2293 2278 quae
2339 2192 2584 2258 animos
2629 2199 2911 2276 vexant,
2967 2195 3187 2280 volup-

741 2311 980 2376 tatibus
1049 2312 1315 2398 sopiant.
1432 2310 1602 2385 Quin
1648 2309 1844 2373 etiam
1908 2309 1977 2372 in
2023 2315 2270 2374 tantum
2315 2310 2542 2374 mortis
2585 2310 2852 2374 formido
2912 2311 3188 2376 furorem

739 2449 847 2493 eos
890 2429 1209 2516 propellit,
1255 2433 1328 2493 ut
1373 2427 1494 2491 sibi
1540 2427 1664 2513 ipsi
1693 2432 1964 2490 mortem
1997 2427 2428 2510 consciscant,
2476 2433 2548 2490 ut
2580 2427 2854 2512 patriam
2885 2450 3187 2516 carosque

735 2553 1034 2633 parentes
1076 2546 1346 2632 prodant
1391 2547 1596 2610 vitare
1642 2544 2000 2609 Acherusia
2041 2544 2283 2630 templa
2314 2550 2627 2630 petentes.
2730 2546 2959 2628 „Hunc
2990 2547 3188 2632 igitur

737 2669 1046 2728 terrorem
1091 2662 1287 2727 animi
1332 2661 1752 2748 tenebrasque
1798 2667 2119 2727 necessest
2164 2683 2292 2724 non
2338 2660 2498 2726 radii
2546 2661 2694 2727 solis
2738 2684 2947 2749 neque
2978 2661 3189 2729 lucida

737 2782 869 2847 tela
919 2781 1045 2845 diei
1087 2781 1432 2845 discutiant
1471 2779 1582 2845 sed
1613 2786 1881 2843 naturae
1913 2779 2158 2865 species
2187 2779 2482 2865 ratioque
2514 2778 2587 2863 ³),
2633 2780 2738 2844 vel
2769 2786 2841 2844 ut
2872 2780 3187 2866 Epicurus

739 2898 910 2964 dicit:
927 2896 978 2983 4)
1005 2901 1120 2966 οὐκ
1143 2904 1219 2977 ἦν
1242 2901 1314 2964 τὸ
1341 2897 1749 2985 φοβοΰμενον
1783 2898 1955 2963 λῦειν
1981 2898 2132 2983 ὑπὲρ
2158 2901 2286 2962 τῶν
2312 2899 2705 2983 κυριωτάτων
2722 2947 2737 2973 ,
2759 2900 2844 2981 μὴ
2871 2896 3184 2965 κατειδότα

736 3021 836 3093 τίς
879 3020 918 3093 ἡ
965 3024 1077 3082 τοὺ
1126 3019 1496 3099 σύμπαντος
1542 3019 1763 3102 φῦσις,
1813 3014 1961 3081 ἀλλ’
2008 3015 2524 3098 ὑποπτευόμενόν·
2564 3043 2621 3080 τι
2664 3019 2792 3080 τῶν
2838 3017 2988 3081 κατὰ
3033 3020 3185 3096 τοὺς

735 3135 983 3215 μύθους
1020 3149 1035 3169 ·
1067 3132 1211 3197 ὥστ’
1258 3133 1373 3198 οὐκ
1417 3136 1496 3207 ἦν
1541 3131 1688 3197 ἄνευ
1735 3130 2157 3217 φυσιολογίας
2206 3132 2535 3216 ἀκεραίους
2579 3131 2696 3205 τὰς
2733 3128 2981 3209 ’ἡδονὰς
3027 3131 3185 3198 ἄπο·-

736 3247 1112 3335 λαμβάνειν.
1142 3286 1220 3297 --
1252 3249 1619 3335 Antequam
1650 3253 1867 3313 autem
1899 3247 2093 3311 animi
2124 3252 2418 3311 naturam
2457 3247 2800 3330 describat,
2833 3248 3184 3313 refellenda

737 3371 834 3429 est
901 3366 1114 3451 opinio
1181 3386 1402 3431 eorum
1427 3415 1444 3450 ,
1512 3366 1657 3452 qui,
1720 3371 1792 3429 ut
1836 3365 2249 3451 Peripatetici
2294 3366 2584 3431 nonnulli
2614 3371 2704 3448 ³),
2750 3366 2998 3430 nullum
3043 3387 3181 3431 esse

736 3482 1020 3547 animum
1079 3483 1570 3566 asseverabant,
1638 3481 1750 3546 sed
1816 3481 2210 3556 harmoniam
2258 3482 2596 3567 quamdam
2662 3483 2858 3546 totius
2904 3484 3181 3569 corporis

735 3599 855 3665 hoc
899 3601 1155 3665 nomine
1201 3600 1587 3685 significari,
1636 3606 1700 3664 et
1744 3600 1876 3664 vim
1922 3604 2121 3665 totam
2165 3599 2379 3681 illam,
2427 3619 2553 3685 qua
2595 3599 2702 3663 vel
2734 3621 2996 3685 agamus
3030 3600 3181 3686 quid

737 3718 842 3782 vel
887 3719 1235 3783 sentiamus
1259 3768 1275 3801 ,
1321 3718 1388 3781 in
1435 3718 1726 3782 omnibus
1758 3717 2123 3804 corporibus
2165 3717 2329 3781 vivis
2358 3717 2779 3803 aequabiliter
2810 3738 2946 3782 esse
2976 3718 3181 3783 fusam

738 3835 1082 3899 censebant
1112 3838 1161 3919 6)
1189 3858 1204 3919 ;
1253 3857 1444 3923 quam
1490 3836 1843 3900 doctrinam
1888 3857 1927 3900 a
1976 3834 2444 3922 Pythagoraeis
2475 3835 2630 3897 olim
2660 3836 2969 3921 prolatam
2993 3836 3179 3901 Plato

803 4020 841 4085 ι)
914 4019 978 4069 D.
1014 4018 1070 4069 L.
1107 4020 1173 4069 X.
1213 4022 1321 4069 125.

801 4114 838 4174 2)
906 4115 992 4163 Vs.
1028 4118 1107 4164 64.

801 4208 843 4273 ³)
913 4208 998 4259 Vs.
1036 4210 1114 4257 91.

799 4302 842 4365 ⁴)
912 4302 974 4353 D.
1010 4302 1070 4352 L.
1105 4300 1172 4350 X.
1208 4301 1323 4352 Rat.
1358 4306 1482 4351 sent.
1519 4300 1615 4352 XI.

801 4398 837 4456 ⁵)
907 4396 1247 4447 Aristoxenus.
1317 4396 1417 4448 Cic.
1451 4397 1592 4462 Disp.
1627 4402 1754 4447 tusc.
1792 4398 1820 4448 Ι
1840 4433 1854 4459 ,
1894 4401 1951 4446 10
1971 4433 1985 4458 ,
2021 4400 2098 4447 20.

799 4493 835 4553 ⁶)
906 4492 1254 4543 Dicaearchus.
1323 4492 1425 4543 Cic.
1461 4492 1603 4556 Disp.
1638 4498 1763 4542 tusc.
1801 4493 1845 4543 Ι.
1886 4496 1943 4542 10
1962 4530 1977 4554 ,
2013 4495 2088 4542 21.
2159 4492 2275 4542 Non
2306 4490 2453 4555 plane
2487 4508 2600 4541 cum
2629 4492 2691 4543 iis
2724 4492 3026 4543 conveniunt
3058 4492 3179 4543 haec

733 4586 886 4638 verba
934 4589 1066 4652 apud
1114 4588 1164 4638 N
1166 4603 1311 4637 emes.
1363 4588 1424 4637 de
1468 4591 1571 4637 nat.
1623 4586 1754 4637 hom.
1798 4604 1847 4652 p.
1896 4591 1991 4639 68:
2044 4587 2351 4654 Δικαίαρχος
2385 4588 2435 4639 δὲ
2477 4588 2598 4654 (scil.
2642 4590 2799 4657 λέγει)
2841 4590 3018 4655 ψυχὴν
3051 4592 3177 4641 εἶναι

735 4684 988 4753 ἁρμονίαν
1039 4688 1140 4735 τῶν
1195 4684 1456 4747 τεσσάρων
1490 4686 1775 4748 στοιχείων,
1823 4686 1943 4734 ἀντὶ
1977 4687 2065 4735 τοῦ
2100 4688 2283 4750 κρᾶσιν
2316 4686 2400 4733 καὶ
2439 4683 2734 4751 συμφωνίαν
2767 4691 2869 4736 τῶν
2902 4685 3177 4751 στοιχείων.
