3529 5359
1571 387 1656 450 43

387 588 578 652 Hane
623 589 1003 653 sententiam
1056 589 1225 674 apud
1249 587 1598 675 Epicurum
1629 580 1879 675 quoque
1910 588 2303 664 invenimus:
2343 595 2483 662 ταῖς
2506 585 2837 672 διαφοραῖς

387 708 517 793 ὀὐχ
562 707 786 784 ἁπλῶς
834 707 1072 790 ἄπειροι
1122 711 1300 786 (εἰσιν
1346 707 1590 792 ἄτομοι)
1640 708 1813 773 ἀλλὰ
1861 711 2069 790 μόνον
2116 709 2527 791 ἀπερίληπτοι
2558 709 2622 782 ¹).
2670 704 2839 768 Eum

387 822 848 887 eiusdemmodi
895 830 1344 908 argumentum
1374 824 1739 888 adhibuisse
1774 831 2038 910 apparet
2069 845 2152 888 ex
2184 845 2293 905 e0,
2327 822 2495 909 quod
2516 822 2840 905 Diogenes

385 941 686 1005 Laertius
731 941 811 1005 ad
854 943 1093 1025 verba,
1141 963 1304 1028 quae
1351 942 1777 1028 praecedunt,
1823 942 2149 1028 probanda
2194 941 2418 1006 affert:
2480 938 2623 1006 οὐδὲ
2670 941 2795 1026 γοῗρ
2819 987 2838 1017 ,

385 1064 584 1145 φησὶν
629 1057 970 1145 ἐνδοτέρω,
1019 1064 1107 1135 εἷς
1151 1059 1409 1144 ἄπειρον
1455 1063 1494 1137 ἡ
1539 1063 1700 1143 τομὴ
1745 1062 2047 1150 τυγχάνει
2077 1056 2143 1143 2).

475 1175 640 1240 Cum
707 1182 920 1240 autem
964 1197 1266 1250 numerus
1314 1177 1662 1261 figurarum
1709 1177 1792 1240 sit
1837 1177 2053 1240 finitus
2073 1226 2089 1259 ,
2136 1197 2437 1240 numerus
2482 1181 2834 1240 atomorum

385 1291 696 1377 ouiusque
741 1292 992 1376 generis
1036 1293 1323 1371 infinitus
1369 1313 1507 1356 esse
1557 1292 1847 1370 (1011013).
1938 1293 2028 1356 At
2052 1292 2317 1356 fortasse
2349 1292 2613 1374 obicieS,
2645 1312 2835 1378 quae·
2892 1287 2897 1291 ’

385 1407 536 1473 dam
583 1430 722 1473 esse
768 1410 1067 1474 animalia
1112 1431 1274 1497 quae
1318 1432 1462 1474 rara
1505 1410 1914 1474 inveniantur
1961 1416 2025 1474 et
2070 1409 2219 1474 inde
2250 1410 2430 1496 sequi
2462 1415 2833 1490 atomorum,

383 1547 423 1590 e
468 1527 702 1613 quibus
745 1527 856 1590 illa
898 1527 1067 1591 faeta
1111 1529 1270 1609 sint,
1321 1549 1659 1592 numerum
1704 1549 1833 1591 non
1857 1528 2175 1591 infinitum
2208 1549 2365 1591 esse.
2429 1526 2833 1612 Respondet,

381 1644 454 1708 ni
498 1645 786 1708 infinitus
831 1652 998 1709 esset
1041 1645 1269 1709 horum
1313 1668 1614 1711 numerus
1634 1696 1650 1729 ,
1694 1647 1762 1709 in
1806 1646 2055 1709 infinito
2102 1646 2305 1731 spatio
2351 1666 2675 1731 nunquam
2719 1643 2837 1708 has

383 1768 633 1825 atomos
693 1763 785 1826 ita
828 1764 1167 1826 convenire
1213 1764 1496 1849 potuisse
1524 1813 1540 1846 ,
1587 1770 1658 1828 ut
1702 1763 1861 1828 haee
1907 1763 2207 1828 animalia
2251 1769 2388 1827 orta
2433 1767 2668 1826 essent.
2758 1762 2836 1825 In

379 1877 618 1941 mediis
687 1878 1065 1943 aridioribus
1132 1879 1308 1943 hisee
1379 1880 2036 1964 argumentationibus
2081 1880 2288 1944 subito
2335 1879 2682 1965 profundus
2726 1879 2835 1942 ille

383 1995 608 2078 dolor,
678 1997 787 2082 qui
854 2003 1109 2082 poetam
1155 2018 1423 2061 vexasse
1469 1999 1756 2080 videtur,
1828 1999 1966 2061 eius
2010 2004 2235 2083 pectus
2282 1997 2540 2081 corripit
2585 1997 2675 2060 ita
2700 2046 2716 2079 ,
2763 2002 2837 2060 ut

381 2135 516 2178 uno
589 2120 852 2198 aspectu
919 2120 1118 2178 totam
1163 2116 1505 2200 perlustret
1564 2116 1887 2179 miseriam
1930 2137 2058 2179 non
2103 2115 2379 2179 hominis
2425 2114 2619 2206 solius
2645 2163 2661 2196 ,
2724 2114 2836 2178 sed

383 2231 585 2295 totius
653 2231 915 2315 mundi,
985 2239 1049 2296 et
1110 2233 1392 2297 omnium
1454 2253 1667 2296 rerum
1712 2233 2214 2297 vicissitudinem
2260 2239 2406 2297 ante
2454 2233 2669 2296 0011108
2716 2232 2835 2295 sibi

382 2354 609 2434 ponat.
701 2349 840 2412 Neo
900 2370 1067 2413 mors
1112 2370 1232 2413 1100
1279 2350 1410 2413 vita
1455 2372 1734 2436 unquam
1779 2371 1894 2436 per
1941 2371 2007 2413 se
2053 2356 2362 2435 perpetuo
2406 2355 2678 2432 regnant
2725 2348 2837 2412 sed

383 2466 781 2529 alternantes
847 2466 1033 2530 modo
1103 2473 1405 2554 superant
1466 2467 1653 2531 modo
1686 2475 2115 2559 superantur:
2177 2466 2347 2553 quod
2391 2467 2656 2552 quisque
2703 2465 2837 2529 dies

384 2588 702 2666 testatur,
773 2584 1071 2669 quoniam
1139 2605 1292 2665 „neo
1355 2607 1485 2648 nox
1530 2586 1661 2649 ulla
1707 2585 1875 2648 diem
1920 2606 2127 2670 neque
2174 2591 2425 2648 noctem
2470 2605 2697 2648 aurora
2742 2604 2835 2647 se-

384 2707 638 2785 cutast,
686 2724 847 2789 quae
893 2724 1020 2767 non
1065 2703 1337 2767 audierit
1383 2704 1615 2769 mixtos
1647 2704 1969 2789 vagitibus
2007 2704 2215 2788 aegris
2246 2705 2529 2789 ploratus
2554 2754 2571 2786 ,
2617 2704 2837 2766 mortis

385 2820 656 2884 eomites
705 2827 769 2884 et
813 2821 1056 2885 funeris
1101 2822 1262 2885 atri”
1295 2820 1367 2905 4).

479 2936 674 3001 Nulla
737 2958 924 3023 porro
991 2958 1094 3002 res
1167 2959 1250 3001 ex
1318 2959 1444 3001 uno
1514 2942 1764 3001 tantum
1833 2944 2079 3002 constat
2138 2958 2372 3022 genere
2440 2943 2835 3020 atomorum3

384 3074 555 3141 quae
608 3054 890 3117 maxima
936 3059 1001 3117 et
1045 3054 1482 3119 robustissima
1526 3060 1674 3119 sunt
1718 3055 1992 3140 plurima
2035 3054 2273 3120 habent
2318 3074 2556 3139 genera
2600 3059 2838 3118 atomo-

383 3193 553 3235 rum.
601 3171 784 3235 Haeo
815 3171 1304 3257 primordiorum
1333 3172 1615 3236 varietas
1637 3172 1705 3235 in
1735 3194 1987 3259 quoque
2020 3193 2281 3258 corpore
2313 3172 2505 3235 etiam
2535 3172 2839 3258 probatur

386 3309 472 3353 eo
516 3288 683 3375 quod
729 3310 813 3351 ex
859 3289 1082 3352 eodem
1129 3290 1268 3353 cibo
1315 3295 1446 3353 tam
1478 3289 1727 3353 diversa
1757 3290 2055 3355 animalia
2084 3296 2393 3354 creseunt.
2482 3290 2741 3354 Etenim
2770 3289 2838 3353 in

380 3404 591 3469 herba
651 3410 715 3468 et
783 3427 987 3491 aqua,
1061 3406 1290 3491 quibus
1359 3406 1657 3488 aluntur,
1727 3408 1913 3492 plura
1980 3428 2217 3491 genera
2276 3414 2659 3490 atomorum·
2692 3415 2838 3473 sunt

383 3525 580 3608 (667).
673 3523 999 3605 Quaedam
1068 3524 1389 3588 elementa
1455 3525 1814 3588 eommunia
1874 3545 2011 3589 esse
2058 3533 2323 3612 possunt
2369 3533 2433 3589 et
2477 3533 2693 3591 tamen
2737 3548 2839 3591 res

383 3639 698 3703 diversae.
789 3639 1036 3703 Eodem
1103 3639 1291 3703 modo
1361 3640 1430 3703 in
1499 3640 1787 3704 versibus
1832 3641 2061 3704 nostris
2107 3642 2296 3705 variis
2340 3642 2542 3707 modis
2586 3643 2837 3708 litterae

379 3756 557 3819 inter
602 3776 669 3819 se
713 3756 1065 3839 iunguntur
1107 3757 1200 3820 ita
1242 3763 1314 3819 ut
1373 3757 1684 3843 quaedam
1716 3780 2083 3823 communes
2114 3760 2282 3842 sint,
2329 3760 2440 3824 sed
2468 3782 2597 3824 non
2628 3762 2839 3825 omnia

383 3872 615 3937 eadem
643 3872 713 3951 5).
803 3874 1110 3937 Attamen
1177 3896 1304 3938 non
1370 3875 1630 3939 fortuito
1692 3898 1862 3940 nuno
1908 3877 2294 3941 conveniunt
2337 3878 2404 3940 in
2450 3899 2551 3941 res
2598 3879 2834 3943 atomi:

457 4074 492 4133 ¹)
561 4075 629 4124 D.
664 4076 720 4125 L.
759 4076 812 4125 X
833 4113 847 4136 ,
881 4080 959 4126 42.

453 4169 490 4229 2)
561 4170 635 4220 Cf.
673 4175 734 4221 56
770 4176 880 4224 πᾶν
913 4174 961 4223 δὲ
996 4177 1202 4239 μέγεθος
1239 4174 1477 4240 ὑπάρχον
1511 4178 1624 4227 οὔτε
1659 4179 1917 4241 χρῆσιμόν
1958 4180 2064 4234 ἐστι
2108 4182 2239 4242 πρὸς
2273 4182 2365 4237 τὰς
2406 4184 2508 4229 τῶν
2544 4182 2842 4241 ποιοτήτων

383 4266 652 4330 διαφοράς.
690 4270 908 4333 ἀφῖχθαί
946 4288 994 4318 τε
1031 4274 1201 4332 μέλλει
1239 4274 1321 4319 καὶ
1357 4273 1490 4335 πρὸς
1525 4271 1654 4335 ἡμᾶς
1689 4274 1851 4337 ὁρατὴ
1884 4274 2086 4337 ἄτομος.

451 4360 488 4419 ³)
558 4361 640 4411 Vs.
677 4366 788 4411 529.
859 4363 1055 4427 Optime
1105 4365 1326 4414 restituit
1358 4366 1522 4415 10011111
1556 4366 1800 4417 Munrous
1836 4384 1948 4416 cum
1980 4371 2216 4417 ostendam
2248 4368 2455 4419 mutarit
2486 4369 2540 4419 111
2582 4373 2833 4422 ostenden&

385 4456 618 4507 Ceterum
651 4459 714 4507 cf.
752 4458 814 4507 D.
852 4460 909 4509 L.
939 4460 1024 4520 X,
1062 4466 1122 4509 42
1159 4465 1241 4510 καὶ
1267 4464 1382 4512 καθ’
1411 4462 1634 4523 ἑκάστην
1657 4463 1714 4513 δέ
1741 4464 2051 4528 σχημάτισιν
2076 4465 2257 4523 ἁπλῶς
2279 4465 2621 4529 ἄπειροὶεἰσιν
2642 4467 2837 4530 ἄτομοι.

451 4553 498 4613 ⁴)
564 4552 624 4604 ΙΙ
645 4591 658 4613 ,
693 4556 803 4607 578.

451 4648 493 4710 ⁵)
564 4648 623 4697 ΙΙ
644 4685 658 4710 ,
692 4666 766 4699 vs.
803 4653 912 4699 688.
984 4650 1061 4701 cf.
1102 4655 1223 4701 1012
1263 4668 1367 4717 sqq.
1438 4652 1611 4712 „Quin
1643 4653 1791 4703 etiam
1837 4654 1987 4704 refert
2016 4653 2199 4705 nostris
2232 4655 2287 4705 in
2319 4655 2543 4705 versibus
2575 4655 2693 4720 ipsis
2726 4673 2840 4707 oum

388 4741 573 4807 quibus
627 4748 678 4794 ot
733 4744 870 4810 quali
928 4745 1029 4796 sint
1071 4744 1241 4797 ordine
1275 4764 1503 4816 quaeque
1535 4748 1695 4799 locata
1713 4786 1727 4812 ‚
1761 4748 1807 4799 si
1839 4766 1939 4801 non
1971 4749 2135 4804 omnia
2168 4756 2316 4814 suut,
2352 4758 2404 4801 at
2436 4754 2592 4807 multo
2625 4751 2842 4809 maxima
