3529 5359
1548 360 1669 421 155

393 565 615 623 cerent
639 610 655 643 ,
725 560 998 625 debebat
1055 560 1214 624 haec
1260 561 1473 624 omnia
1515 561 1793 625 naturali
1837 560 2085 623 ratione
2132 559 2270 642 geri
2316 555 2584 621 ostendi.
2679 556 2840 621 Cum

394 677 556 742 aliae
623 699 724 741 res
790 677 1154 742 hominibus
1202 679 1327 741 sint
1371 678 1764 762 perniciosae
1791 727 1807 760 ,
1856 677 2019 740 aliae
2066 682 2215 740 sunt
2263 676 2615 756 salutares;
2677 694 2840 758 quae

391 793 758 858 hominibus
847 802 994 858 sunt
1082 796 1389 860 salutares
1415 845 1431 877 ,
1515 817 1704 881 saepe
1782 795 2003 858 bestiis
2094 800 2240 857 sunt
2319 791 2711 878 perniciosae
2775 796 2840 854 et

393 917 635 975 contra.
726 912 830 976 Sic
898 913 1093 976 atomi
1167 919 1316 976 sunt
1387 913 1607 976 bestiis
1681 912 2022 997 pestiferae
2050 961 2066 994 ‚
2157 931 2363 996 quae,
2434 930 2579 972 cum
2649 907 2837 972 valde

393 1029 523 1092 sint
595 1036 864 1109 tenues,
938 1031 1121 1094 facile
1194 1051 1310 1115 per
1375 1052 1561 1095 nares
1637 1031 1740 1093 vel
1812 1030 1967 1093 alias
2028 1029 2305 1113 corporis
2370 1033 2585 1112 partes
2644 1047 2837 1112 pene-

391 1152 582 1211 trant.
703 1147 875 1232 Ergo
965 1147 1369 1212 statuendum
1446 1154 1541 1211 est
1617 1147 1924 1212 eiusmodi
1998 1147 2383 1233 perniciosas
2448 1151 2692 1208 atomos
2765 1149 2838 1208 ut

389 1263 782 1327 mortiferam
851 1264 980 1326 vim
1041 1263 1120 1327 de
1181 1270 1352 1327 terra
1422 1286 1681 1347 surgere
1755 1265 1822 1327 in
1884 1285 2110 1345 auraS,
2186 1267 2295 1343 „ut
2340 1261 2614 1346 spatium
2678 1260 2838 1323 caeli

390 1381 666 1466 quadam
734 1380 812 1445 de
872 1387 1054 1466 parte
1113 1388 1464 1445 venenent:
1513 1404 1636 1467 quo
1683 1382 1872 1445 simul
1919 1403 1990 1444 ac
2036 1382 2309 1466 primum
2354 1380 2581 1464 pennis
2628 1378 2839 1442 delata

389 1497 472 1560 sit
563 1497 727 1579 ales,
812 1497 1198 1581 impediatur
1268 1497 1358 1560 ibi
1433 1519 1619 1560 caeco
1696 1503 1987 1583 correpta
2059 1517 2306 1560 veneno
2333 1546 2349 1579 ‚
2410 1501 2482 1559 ut
2557 1494 2740 1558 cadat
2801 1514 2836 1557 e

385 1615 652 1697 regione
722 1615 847 1678 loci
870 1665 885 1696 ‚
948 1637 1072 1700 qua
1148 1615 1380 1698 derigit
1451 1617 1704 1678 aestus”
1741 1615 1797 1698 ¹).
1932 1615 2149 1678 Etiam
2225 1614 2297 1676 fit
2369 1612 2690 1675 interdum
2763 1617 2837 1674 ut

385 1753 658 1816 vapores
741 1753 775 1795 e
858 1738 1028 1795 terra
1110 1738 1443 1815 surgentes
1518 1753 1731 1796 aerem
1801 1732 2144 1795 discutiant
2206 1732 2299 1794 ita
2323 1781 2339 1814 ‚
2424 1736 2496 1794 ut
2561 1751 2834 1794 vacuum

385 1849 643 1913 existat.
739 1849 898 1914 Cum
945 1851 1025 1913 ad
1068 1849 1187 1913 hoc
1232 1871 1503 1914 vacuum
1548 1851 1816 1914 veniunt
1862 1871 2012 1914 aves
2038 1901 2055 1932 ,
2107 1850 2322 1914 volare
2352 1854 2720 1934 nequeunt,
2766 1848 2834 1912 in

386 1972 625 2029 terram
671 1966 972 2030 decidunt
1023 1973 1124 2047 „et
1168 1989 1440 2030 vacuum
1485 1987 1683 2052 prope
1729 1969 1858 2030 iam
1903 1989 2018 2052 per
2062 1967 2251 2029 inane
2281 1967 2565 2029 iacentes
2595 1965 2833 2050 disper-

387 2090 551 2168 gunt
619 2085 863 2148 animas
930 2105 1045 2169 per
1105 2085 1320 2148 caulas
1365 2085 1642 2169 corporis
1690 2085 1935 2147 omnis”
1968 2085 2040 2167 2).
2091 2121 2171 2130 --
2218 2084 2384 2147 Tum
2431 2083 2676 2147 accedit
2722 2104 2833 2146 ex-

388 2203 652 2287 plicatio
711 2201 1294 2287 phaenomenorum
1321 2251 1337 2283 ,
1407 2223 1568 2287 quae
1614 2203 1681 2264 in
1724 2202 2005 2265 fontibus
2050 2200 2370 2265 nonnullis
2414 2201 2833 2264 observantur

387 2325 453 2384 et
503 2341 663 2405 quae
710 2321 898 2383 nimis
943 2319 1333 2383 admirantur
1378 2320 1666 2383 homines
1700 2319 1778 2403 ³),
1825 2319 2237 2405 quamobrem
2282 2319 2558 2383 naturali
2587 2319 2831 2382 ratione

387 2438 700 2523 explicari
768 2437 1019 2501 debent.
1113 2437 1181 2502 Si
1249 2439 1605 2502 accuratius
1667 2444 1857 2523 poeta
1905 2437 2339 2522 descripsisset
2384 2436 2678 2500 Avernas
2721 2458 2831 2522 pa-

387 2555 574 2618 ludes
618 2577 815 2640 prope
863 2556 1094 2619 Oumas
1140 2556 1292 2618 sitas
1340 2577 1573 2641 easque
1622 2557 1789 2619 solas
1836 2556 2262 2640 explicasset,
2311 2555 2569 2618 credere
2615 2575 2831 2640 posses

385 2694 534 2737 eum
581 2696 692 2737 suo
739 2673 946 2738 Marte
991 2673 1094 2739 hic
1139 2673 1594 2760 philosophari.
1659 2674 1822 2739 Cum
1868 2681 2083 2737 tamen
2128 2673 2347 2737 videas
2393 2694 2540 2736 eum
2592 2671 2831 2754 „Athe-

383 2791 566 2854 naeis
632 2792 699 2855 in
764 2792 1138 2856 moenibus”
1197 2794 1365 2875 (749)
1414 2799 1479 2856 et
1523 2794 1591 2855 in
1639 2793 1827 2877 Syria
1873 2813 2126 2877 quoque
2174 2794 2349 2869 (756)
2401 2791 2655 2855 easdem
2699 2812 2828 2855 me-

383 2930 671 2991 morare,
741 2930 884 2973 cum
951 2910 1130 2994 legas
1198 2930 1345 2973 eum
1413 2910 1670 2973 arbores
1728 2910 1795 2972 in
1842 2910 2090 2993 magnis
2134 2909 2466 2973 Heliconis
2508 2909 2830 2973 montibus

383 3033 740 3091 crescentes
808 3029 984 3111 (786)
1049 3034 1116 3092 et
1184 3029 1667 3114 Scaptensulam
1736 3030 1913 3112 (810)
1979 3030 2045 3091 in
2112 3028 2648 3091 demonstratione
2717 3049 2830 3090 sua

383 3142 653 3225 afferre,
723 3144 898 3207 nulla
964 3150 1161 3207 restat
1229 3166 1454 3227 causa,
1524 3166 1638 3209 cur
1698 3151 1886 3231 putes
1932 3166 2079 3208 eum
2123 3144 2228 3208 hic
2272 3144 2602 3227 vulgarem
2650 3164 2826 3206 suam

382 3262 695 3327 rationem
779 3263 1068 3346 magistri
1151 3264 1612 3348 interpretandi
1687 3264 2064 3349 reliquisse,
2152 3262 2272 3326 etsi
2356 3284 2389 3325 e
2456 3261 2830 3345 fragmentis

384 3380 719 3444 ostendere
787 3401 912 3443 non
959 3402 1292 3465 possumus
1337 3382 1689 3468 Epicurum
1734 3382 1893 3447 haec
1951 3382 2174 3445 eodem
2220 3380 2407 3444 modo
2455 3380 2826 3465 explicasse.

385 3498 525 3561 Iam
586 3498 793 3561 minus
861 3497 1150 3561 dubitare
1212 3499 1452 3583 poteris
1472 3550 1488 3581 ‚
1560 3521 1704 3563 cum
1750 3499 2148 3563 intellexeris
2194 3520 2341 3562 eum
2388 3497 2828 3561 difficillimum

385 3614 868 3699 phaenomenon
893 3664 909 3696 ,
956 3615 1126 3700 quod
1168 3637 1432 3700 magnes
1476 3616 1639 3701 lapis
1684 3616 1995 3701 praebet,
2044 3616 2223 3680 cuius
2269 3616 2614 3700 explicatio
2660 3637 2829 3679 nunc

385 3730 713 3815 sequitur,
762 3731 931 3816 apud
976 3732 1352 3815 magistrum
1399 3732 1760 3817 expositum
1805 3733 2143 3797 invenisse.

475 3845 552 3908 In
611 3845 730 3911 hoc
798 3846 959 3910 libro
1021 3854 1204 3911 sexto
1266 3848 1552 3911 ordinem
1601 3855 1665 3912 et
1710 3870 1986 3931 nexum,
2051 3848 2279 3933 quibus
2324 3848 2577 3931 singula
2620 3848 2829 3932 capita

385 3962 553 4024 inter
619 3982 685 4024 se
744 3962 1135 4046 iunguntur,
1205 3963 1446 4027 debiles
1507 3970 1572 4027 et
1640 3966 1821 4028 laxos
1891 3985 2027 4028 esse
2087 3986 2279 4049 supra
2339 3964 2467 4027 iam
2511 3964 2825 4049 apparuit.

387 4078 551 4142 Cum
615 4085 805 4163 poeta
870 4080 1181 4164 quaedam
1241 4081 1686 4166 phaenomena
1753 4082 2052 4166 selegerit
2121 4087 2185 4145 et
2230 4088 2483 4166 tempus
2529 4103 2675 4145 eum
2722 4080 2826 4145 de-

386 4195 610 4259 fecisse
678 4196 972 4261 videatur
996 4247 1012 4279 ,
1081 4205 1152 4262 ut
1213 4200 1424 4263 omnia
1467 4200 1802 4285 perficeret
1849 4206 1914 4263 et
1959 4206 2282 4285 tamquam
2326 4200 2393 4263 in
2437 4221 2635 4263 unum
2682 4221 2827 4264 con-

453 4487 490 4550 ¹)
561 4486 651 4536 Vs.
689 4489 782 4535 820
817 4503 950 4553 seqq.

451 4581 492 4644 2)
559 4582 643 4631 Vs.
681 4584 808 4643 838,
845 4586 922 4631 39.

453 4676 492 4740 3)
563 4677 647 4725 Vs.
686 4680 957 4725 848—905.
