3529 5359
1549 359 1633 420 29

363 559 568 623 utitur
589 609 606 642 ,
652 559 882 646 quibus
927 558 1230 625 adversus
1274 559 1678 624 Heraclitum
1726 565 1793 624 et
1838 561 1996 625 alios
2040 583 2193 627 usus
2241 568 2371 628 est:
2422 561 2815 628 demonstrat

364 677 538 741 enim
603 699 818 742 eorum
889 678 1282 761 doctrinam,
1352 700 1497 743 cum
1559 685 1671 742 aut
1715 684 1960 744 atomos
2006 686 2071 744 et
2115 702 2389 746 vacuum
2436 700 2575 746 esse
2620 703 2814 766 nega-

363 801 548 878 rent,
597 801 662 860 et
707 816 792 859 ex
838 815 1058 860 eorum
1102 795 1356 882 placitis
1401 801 1774 882 sequeretur
1817 797 1980 861 nihil
2027 819 2062 862 e
2107 798 2307 863 nihilo
2355 799 2557 864 creari
2588 805 2699 864 aut
2732 799 2813 862 ad

363 909 525 974 nihil
569 911 775 996 redigi
819 913 1002 998 p'osse
1055 934 1130 977 ea
1172 934 1334 999 quae
1365 913 1532 996 sint,
1579 920 1692 978 aut
1721 920 2077 978 atomorum
2102 921 2395 980 naturam
2427 937 2555 980 non
2587 937 2811 1000 agnos-

364 1033 615 1111 cerent,
663 1051 805 1093 cum
851 1030 948 1113 iis,
1011 1051 1172 1116 quae
1227 1029 1544 1116 probaret,
1592 1031 1923 1116 principiis
1968 1053 2096 1096 non
2142 1033 2489 1097 convenire
2536 1039 2600 1096 et
2644 1033 2809 1098 hanc

363 1145 444 1210 ob
511 1167 648 1211 rem
693 1153 959 1212 naturae
1005 1169 1222 1213 veram
1264 1148 1578 1211 rationem
1624 1146 2015 1212 subvertere.
2109 1148 2237 1213 Sed
2280 1155 2499 1214 nostra
2540 1149 2809 1214 interest

363 1263 544 1347 scire,
611 1286 764 1328 num
831 1265 897 1328 in
941 1265 1062 1328 hac
1129 1265 1514 1330 refutatione
1583 1285 1835 1350 quoque
1895 1265 2235 1330 Lucretius
2282 1273 2609 1331 auctorem
2655 1289 2807 1333 suae

364 1381 686 1447 doctrinae
733 1389 985 1447 secutus
1029 1383 1145 1466 sit,
1201 1405 1283 1447 an
1342 1403 1494 1447 vero
1539 1383 1662 1468 ipsi
1708 1382 2140 1466 Anaxagorae
2188 1384 2548 1467 studuerit,
2596 1384 2807 1471 quod,

362 1499 416 1562 si
469 1506 640 1564 recte
686 1501 943 1586 quidem
987 1501 1262 1566 vidimus
1288 1550 1304 1583 ,
1377 1523 1412 1566 e
1459 1501 1874 1587 sequentibus
1918 1501 2183 1565 fortasse
2232 1502 2506 1566 discerni
2552 1504 2806 1588 poterit.

361 1614 626 1700 Epicuri
685 1617 1042 1702 fragmenta
1068 1669 1084 1702 ,
1154 1640 1316 1705 quae
1386 1618 1467 1683 ad
1534 1639 1648 1682 nos
1693 1625 2168 1704 pervenerunt,
2215 1619 2376 1682 nihil
2419 1619 2501 1704 ‘de
2546 1619 2809 1685 Anaxa-

361 1753 516 1816 gora
575 1733 893 1817 referunt,
964 1736 1056 1800 ita
1121 1742 1192 1800 ut
1258 1735 1363 1800 hic
1431 1757 1681 1822 quoque
1751 1737 1941 1800 certis
2001 1734 2254 1800 indiciis
2300 1736 2463 1800 nihil
2508 1736 2809 1802 affirmari

360 1850 578 1935 possit.
670 1850 798 1914 Sed
840 1857 1056 1917 tamen
1101 1858 1247 1916 sunt
1293 1852 1604 1938 quaedam
1647 1852 1901 1916 indicia.
1995 1852 2260 1917 Constat
2306 1853 2499 1936 enim,
2546 1860 2804 1920 auctore

360 1969 620 2053 Diocle,
689 1969 1038 2055 Epicurum
1107 1990 1190 2034 ex
1251 1970 1529 2056 antiquis
1587 1971 1871 2034 maxime
1932 1969 2389 2053 Anaxagoram
2436 1973 2805 2058 amplexum

361 2107 535 2170 esse,
605 2088 724 2152 etsi
795 2087 862 2151 in
930 2085 1308 2173 quibusdam
1368 2087 1464 2150 illi
1531 2087 1992 2152 contradixerit
2032 2091 2089 2171 ¹).
2178 2088 2414 2152 Itidem
2480 2096 2659 2175 patet
2720 2112 2804 2154 ex

359 2205 580 2290 paucis
623 2204 1049 2288 Anaxagorae
1096 2204 1242 2267 libri
1286 2209 1422 2290 περὶ
1474 2207 1717 2289 φύσεως
1766 2205 2174 2290 fragmentis,
2222 2227 2385 2291 quae
2432 2215 2804 2293 supersunt,

358 2321 562 2385 multa
628 2322 688 2385 ei
734 2323 1092 2385 communia
1135 2341 1272 2385 esse
1320 2343 1462 2386 cum
1509 2321 1822 2406 Epicuro,
1892 2322 1959 2384 in
2004 2323 2222 2386 multis
2268 2323 2463 2387 etiam
2508 2309 2678 2388 hunc
2725 2325 2806 2388 ab

357 2439 470 2503 illo
516 2438 769 2504 differre
797 2437 877 2522 2),
945 2439 1226 2503 maxime
1272 2439 1339 2503 in
1385 2439 1497 2521 iis,
1546 2459 1706 2526 quae
1753 2440 1835 2503 ad
1880 2445 2233 2504 atomorum
2277 2447 2572 2504 naturam
2612 2443 2807 2527 perti-

355 2563 533 2620 nent.
625 2556 1103 2621 Constituamus
1159 2577 1310 2641 ergo
1369 2556 1520 2620 licet
1587 2555 2001 2641 Gargettium
2049 2558 2243 2621 etiam
2291 2558 2679 2623 Clazomenii
2727 2558 2805 2623 de

357 2674 586 2739 atomis
649 2673 1001 2739 doctrinam
1071 2695 1494 2760 oppugnasse.
1586 2673 1771 2749 Quod
1832 2675 1883 2739 si
1954 2681 2233 2758 constat,
2287 2675 2447 2740 nihil
2493 2683 2589 2740 est
2634 2675 2803 2763 quod

357 2799 544 2878 cogat
585 2814 700 2857 nos
746 2792 1040 2875 credere,
1089 2792 1461 2856 Lucretium
1518 2792 1716 2878 ipsius
1746 2792 2174 2878 Anaxagorae
2209 2794 2513 2880 scriptum
2536 2795 2769 2877 legisse
2790 2844 2806 2877 ,

356 2932 503 2974 cum
580 2932 742 2997 quae
817 2910 1011 2975 refert
1072 2932 1156 2974 ex
1224 2910 1488 2996 Epicuri
1562 2911 1861 2996 operibus
1916 2910 2175 2975 haurire
2237 2910 2538 2996 potuerit.
2632 2912 2801 2975 Eum

423 3172 458 3231 ¹)
529 3172 590 3222 D.
626 3173 683 3223 L.
718 3174 800 3233 X,
841 3175 916 3222 12.

419 3268 463 3329 ²)
532 3267 608 3317 Cf.
643 3267 867 3317 Mullach
899 3267 960 3317 fr.
996 3269 1220 3330 Anaxag.
1262 3270 1319 3315 14
1355 3268 1552 3318 τούτων
1587 3266 1636 3317 δὲ
1672 3265 1807 3317 οὕτω
1843 3265 2229 3331 διακεκριμένων
2260 3266 2530 3332 γινώσκειν
2555 3265 2655 3332 xps?
2676 3304 2688 3325 ‚
2723 3268 2804 3318 ὅτι

358 3363 466 3428 (τὰ)
515 3364 690 3413 πάντα
741 3362 888 3413 οὐδὲν
935 3362 1137 3413 ἐλάσσω
1187 3362 1296 3414 ἐστὶ
1347 3362 1463 3413 οὐδὲ
1501 3364 1657 3415 πλέω.
1724 3363 1797 3412 Οὐ
1832 3364 1929 3428 γὰρ
1965 3363 2190 3419 ἀνυστὸν
2226 3362 2441 3413 πάντων
2474 3360 2612 3413 πλὲω
2646 3344 2803 3415 sivae.

356 3460 497 3510 ἀλλὰ
531 3460 706 3510 πάντα
738 3460 824 3509 ἴσα
859 3459 953 3508 αἰεί
987 3458 1062 3507 cf.
1098 3458 1246 3507 Lucr.
1281 3457 1373 3520 ΙΙ,
1423 3462 1515 3507 303
1549 3475 1655 3523 sqq.
1709 3458 1770 3507 fr.
1813 3460 1868 3510 17
1906 3462 1963 3509 τὸ
1998 3458 2045 3507 δὲ
2080 3459 2313 3523 γίνεσθαι
2353 3460 2435 3507 καὶ
2470 3458 2807 3507 ἀπόλλυσθαι

357 3554 449 3605 οὐκ
490 3556 653 3618 ὀρθῶς
701 3556 958 3617 νομίζουσι
1009 3555 1053 3603 οἱ
1091 3551 1346 3614 Ἓλληνες
1373 3568 1382 3580 ·
1409 3553 1556 3604 οὐδὲν
1590 3556 1687 3620 γὰρ
1736 3558 1909 3618 χρῆμα
1944 3552 2059 3603 οὐδὲ
2092 3551 2287 3619 γίνεται
2322 3552 2436 3603 οὐδὲ
2474 3554 2769 3603 ἀπόλλυται
2792 3591 2805 3609 ,

353 3652 476 3702 ἀλλ’
529 3650 634 3701 ἀπὸ
682 3649 870 3699 ἐόντων
921 3650 1193 3713 χρημάτων
1244 3646 1571 3714 συμμίσγεταί
1608 3665 1662 3698 τε
1695 3648 1780 3697 καὶ
1813 3645 2133 3713 διακρίνεται.
2205 3634 2302 3697 Καὶ
2344 3645 2506 3704 οὕτως
2540 3647 2607 3697 ἂν
2639 3648 2806 3710 ὁρθῶς

351 3748 562 3797 καλοῖεν
609 3745 667 3795 τό
711 3763 764 3796 τε
813 3741 1045 3812 γίνεσθαι
1083 3744 1452 3808 συμμίσγεσθαι
1487 3744 1570 3792 καὶ
1605 3744 1663 3791 τὸ
1698 3744 2031 3795 ἀπόλλυσθαι
2066 3739 2429 3805 διακρίνεσθαι.
2500 3740 2579 3790 Ab
2614 3756 2672 3791 eo
2704 3742 2804 3791 dis-

352 3845 558 3904 crepant
587 3840 709 3890 haec
741 3840 802 3889 fr.
838 3843 900 3889 5:
937 3840 992 3891 ἐν
1027 3840 1188 3890 παντὶ
1219 3843 1417 3897 παντὸς
1450 3844 1600 3903 μοῖρα
1635 3838 1799 3889 ἔνεστι
1838 3838 2004 3901 (Lucr.
2041 3837 2069 3887 I
2092 3874 2105 3898 ,
2142 3839 2281 3896 876),
2336 3838 2481 3897 πλὴν
2515 3840 2633 3887 νόου
2656 3853 2667 3865 ·
2700 3836 2808 3887 ἔστι

353 3934 459 3985 οἷσι
493 3933 542 3984 δὲ
577 3937 658 3985 καὶ
693 3938 811 3994 νόος
842 3933 916 3983 im
951 3934 1115 3994 (Lucr.
1151 3932 1178 3983 Ι
1198 3968 1212 3994 ,
1248 3934 1372 3994 919,
1409 3936 1486 3981 20.
1554 3932 1716 3983 Locus
1747 3931 1831 3981 hic
1864 3948 1964 3982 non
1996 3935 2071 3981 est
2102 3928 2325 3995 integer:
2377 3929 2433 3979 in
2465 3930 2630 3979 animo
2663 3934 2800 3979 erat:

352 4029 398 4080 si
449 4028 598 4094 fingis
645 4028 870 4079 materiai
919 4044 1121 4091 corpora
1157 4026 1384 4093 (atomos)
1422 4026 1667 4077 consimili
1698 4030 1879 4075 natura
1910 4041 2015 4075 esse
2047 4024 2293 4089 praeditas
2324 4030 2473 4089 atque
2506 4040 2609 4074 rem
2642 4040 2705 4075 ex
2738 4024 2803 4075 iis

352 4124 676 4188 compositam
694 4162 709 4185 ,
758 4141 859 4175 non
889 4128 1029 4188 potes
1047 4160 1061 4184 ,
1113 4122 1236 4188 quin
1284 4139 1450 4173 rerum
1499 4122 1724 4173 sensibus
1756 4120 2090 4185 praeditarum
2124 4126 2311 4170 atomos
2345 4136 2540 4185 quoque
2576 4120 2803 4170 sensibus

350 4220 602 4285 praeditas
650 4236 756 4271 esse
772 4257 785 4281 ,
843 4224 1060 4271 statuasz
1119 4219 1252 4284 quod
1300 4218 1343 4269 si
1376 4218 1499 4267 facis
1531 4222 1740 4282 pereunt
1773 4215 1868 4266 tibi
1901 4216 2167 4279 primordia
2197 4232 2363 4265 rerum
2388 4232 2401 4277 3
2436 4216 2557 4275 „fiet
2588 4214 2667 4265 uti
2697 4214 2803 4265 risu

351 4315 568 4365 tremulo
612 4330 848 4366 concussa
879 4313 1175 4364 cachinnent
1207 4318 1258 4363 et
1289 4311 1505 4362 lacrimis
1537 4312 1677 4361 salsis
1711 4316 1963 4361 umectent
1994 4327 2080 4361 ora
2112 4310 2391 4375 genasque”
2416 4327 2427 4358 z
2478 4315 2532 4359 at
2562 4314 2671 4359 tum
2703 4326 2803 4360 non

353 4410 570 4474 amplius
601 4408 930 4460 immutabilia
961 4414 1080 4459 sunt
1110 4408 1374 4473 primordia
1402 4424 1567 4458 rerum
1581 4445 1596 4469 ,
1629 4422 1791 4472 neque
1823 4406 2005 4465 solida3
2042 4422 2157 4455 nam
2190 4404 2332 4455 nervi
2346 4442 2359 4465 ,
2388 4404 2577 4455 viscera
2609 4404 2804 4469 aliaque

353 4506 464 4557 sine
497 4506 676 4570 quibus
707 4522 808 4556 non
838 4512 1047 4569 possunt
1079 4506 1286 4567 sentire,
1323 4510 1441 4554 sunt
1472 4503 1665 4564 mollia3
1701 4518 1819 4566 ergo
1852 4518 1965 4551 cum
1998 4500 2168 4550 mollia
2188 4500 2290 4550 sint
2311 4505 2362 4549 et
2383 4498 2645 4549 mutabilia
2664 4515 2803 4563 pere-

351 4606 444 4652 ant
474 4617 670 4667 quoque
701 4616 897 4651 necesso
929 4606 1017 4651 est.
1094 4604 1250 4662 1021,
1295 4599 1386 4662 ῙΙ,
1441 4601 1534 4653 973
1569 4597 1697 4664 sqq.)
1745 4598 1807 4645 fr.
1846 4599 1937 4658 15,
1988 4614 2104 4647 oure
2140 4598 2227 4646 τοῦ
2264 4596 2472 4659 σμικροῦ
2508 4592 2562 4659 γέ
2598 4592 2703 4644 ἐστι
2740 4593 2800 4642 τό

353 4716 410 4763 γε
445 4697 720 4763 ἐλάχιστον
763 4697 908 4747 ἀλλ’
959 4695 1253 4747 ἔλασσον
1299 4692 1444 4745 αἰεί.
1515 4692 1676 4753 (Lucr.
1715 4691 1778 4752 Ι,
1814 4691 1947 4757 844.)
2077 4704 2271 4727 “2“
2309 4704 2569 4775 s„
