3529 5359
1947 367 2030 430 60

767 572 967 632 totam
1013 588 1128 654 per
1169 567 1456 632 membra
1498 567 1853 632 videmus'’.
1943 567 2061 634 Est
2104 567 2303 654 igitur
2346 570 2557 634 31111113
2585 570 2868 634 medium
2897 569 3209 656 quoddam

769 685 902 750 sive
964 684 1311 768 vinculum,
1360 685 1528 773 quod
1593 692 1877 751 mentem
1935 692 2008 750 ut
2065 687 2139 751 τὸ
2211 688 2481 773 ἀρχικόν
2508 737 2525 764 ,
2585 690 2659 754 τὸ
2726 690 3105 774 ἡγεμονικόν
3149 693 3211 752 et

770 822 1000 888 corpus
1043 803 1294 888 iungit:
1363 802 1650 885 „animus
1695 825 1811 868 sua
1852 803 1918 867 vi
1966 825 2111 867 cum
2155 804 2433 889 percutit
2476 805 2755 870 animam
2775 855 2791 888 ,
2836 804 2998 869 haec
3045 805 3212 868 enim

771 939 998 1004 corpus
1041 921 1340 1006 propellit
1371 926 1436 985 et
1466 920 1641 984 icit.”
1675 921 1780 985 Sic
1808 925 2040 1006 poeta,
2087 942 2233 984 cum
2262 921 2545 985 animum
2576 944 2615 986 a
2644 942 2905 1008 corpore
2935 921 3211 1008 pendere

772 1056 1008 1120 negare
1054 1058 1182 1100 non
1225 1037 1468 1122 possit,
1516 1043 1732 1102 tamen
1780 1037 1839 1101 ei
1887 1036 2251 1100 libertatem
2281 1036 2618 1123 quamdam
2648 1057 2901 1102 servare
2933 1044 3211 1102 conatur.

771 1153 1130 1219 Caveamus
1195 1161 1409 1219 tamen
1474 1176 1557 1218 ne
1619 1154 1777 1220 duas
1820 1160 2083 1219 naturas
2128 1154 2413 1219 dicamus
2458 1155 2739 1220 animum
2786 1161 2851 1219 et
2894 1155 3212 1238 animam,

771 1292 916 1335 cum
960 1277 1153 1357 poeta
1195 1272 1341 1358 plus
1387 1272 1584 1336 semel
1613 1271 1919 1354 inculcet,
1969 1277 2311 1358 utrumque
2358 1292 2550 1358 quam
2576 1273 2890 1337 artissime
2921 1273 3216 1337 coniunc-

769 1393 908 1452 tum
955 1409 1094 1453 esse
1141 1395 1207 1454 et
1251 1390 1497 1475 corpori
1544 1389 1926 1476 oppositum.

869 1505 1033 1570 Cum
1079 1505 1207 1571 iam
1251 1506 1600 1570 viderimus
1658 1506 1943 1571 animum
1990 1511 2055 1569 et
2104 1505 2384 1570 animam
2428 1526 2657 1591 corpus
2686 1527 2870 1592 posse
2892 1579 2895 1584 ,
2916 1527 3214 1589 movere,

770 1622 920 1687 inde
987 1625 1274 1710 sequitur
1337 1645 1414 1688 33
1457 1645 1761 1710 corporea
1806 1645 1945 1689 esse
1990 1629 2221 1688 natura
2246 1673 2263 1706 ‚
2322 1645 2470 1687 nam
2521 1623 2964 1709 quodcumque
3010 1623 3217 1708 tangit

769 1746 881 1804 aut
925 1741 1210 1825 tangitur
1254 1763 1480 1827 corpus
1525 1743 1606 1806 sit
1649 1763 1909 1806 necesse
1956 1747 2073 1806 est.
2164 1740 2347 1805 Idem
2377 1746 2559 1826 patet
2592 1761 2677 1804 ex
2708 1762 2785 1804 eo
2817 1739 2987 1826 quod
3018 1762 3213 1822 arma,

773 1878 936 1943 (11133
983 1879 1209 1944 00111118
1252 1859 1592 1924 vulnerant
1639 1859 1927 1923 animum
1974 1879 2223 1945 quoque
2272 1858 2535 1922 laedunt
2570 1857 2641 1941 ¹).
2736 1859 2936 1922 Porro
2968 1858 3217 1922 animus

775 1977 868 2059 (et
914 1976 1128 2043 anima
1152 2027 1168 2060 ,
1231 1983 1577 2064 utrumque
1623 1976 1744 2042 hoc
1806 1977 2115 2041 vocabulo
2182 1976 2499 2040 indicatur
2567 1975 2644 2039 cf.
2693 1979 2843 2053 216)
2892 1981 3140 2039 constat
3184 1996 3217 2038 e

773 2114 964 2180 quam
1007 2094 1448 2158 minutissimis
1499 2094 1903 2180 corporibus:
1950 2093 2108 2158 nihil
2155 2094 2327 2157 enim
2374 2115 2450 2158 eo
2496 2093 2793 2157 mobilius
2838 2099 2903 2156 et
2948 2093 3217 2156 celerius

774 2217 904 2275 est:
951 2231 1030 2275 33
1073 2213 1448 2297 0011111801113
1489 2212 1763 2277 rotunda
1809 2232 1947 2276 esse
1993 2233 2079 2276 ex
2124 2210 2343 2276 eorum
2374 2211 2731 2275 mobilitate
2759 2209 3114 2274 ostenditur
3139 2209 3214 2293 2).

773 2327 980 2403 Quam
1042 2334 1267 2394 tenues
1335 2330 1464 2393 sint
1531 2329 1653 2393 hae
1699 2330 1895 2394 animi
1938 2335 2187 2414 parteS,
2234 2328 2383 2393 inde
2430 2307 2707 2414 1131811101
2752 2333 2962 2413 potest
2986 2377 3002 2410 ,
3051 2327 3219 2413 quod

772 2446 1045 2512 hominis
1110 2447 1346 2511 mortui
1401 2468 1634 2533 corpus
1679 2447 1879 2511 nihilo
1924 2446 2131 2511 levius
2176 2452 2273 2510 est
2318 2467 2508 2532 quam
2554 2445 2722 2509 vivi:
2792 2466 2960 2508 mors
3006 2445 3220 2509 omnia

771 2570 1056 2650 praestat
1122 2564 1383 2629 vitalem
1450 2570 1706 2650 praeter
1751 2586 2006 2628 sensum
2054 2563 2454 2650 calidumque
2500 2583 2802 2648 vaporem
2833 2559 2898 2644 ³).
2995 2561 3219 2643 „Quod

773 2701 978 2765 genus
1023 2687 1160 2764 est,
1229 2681 1467 2745 Bacchi
1538 2703 1682 2745 cum
1728 2682 1843 2745 flos
1891 2682 2193 2764 evanuit,
2257 2688 2367 2745 aut
2413 2701 2558 2745 cum
2604 2679 2860 2765 spiritus
2903 2679 3218 2764 unguenti

773 2800 985 2863 suavis
1031 2799 1283 2883 diffugit
1327 2799 1395 2863 in
1439 2821 1629 2865 auras
1655 2849 1669 2864 .
1698 2848 1712 2861 .
1741 2848 1754 2863 .
1812 2800 1904 2865 nil
1951 2800 2150 2865 oculis
2200 2806 2418 2865 tamen
2477 2820 2615 2865 esse
2659 2798 2867 2862 minor
2918 2818 3021 2861 res
3081 2798 3219 2883 ipsa

773 2916 1077 2980 videtur'’
1108 2920 1156 2993 4)
1203 2937 1410 3002 neque
1455 2917 1736 3002 pondere
1784 2917 2003 2982 levior.

859 3033 1134 3098 Animus
1180 3040 1396 3098 autem
1441 3057 1567 3099 non
1615 3041 1712 3099 est
1757 3036 2033 3121 simplex
2078 3034 2437 3121 quoddam:
2486 3038 2734 3098 constat
2764 3033 2935 3098 enim
2966 3054 3002 3096 e
3036 3038 3217 3119 quat-

775 3157 920 3215 tuor
985 3152 1314 3237 partibus:
1376 3174 1572 3235 aura,
1639 3173 1873 3238 vapore
1922 3152 2219 3234 (calore),
2266 3171 2449 3233 aere,
2524 3156 2589 3213 et
2657 3154 2883 3235 quarta
2943 3148 3218 3235 quadam

773 3274 998 3355 parte,
1068 3291 1232 3356 quae
1300 3270 1576 3334 nominis
1642 3277 1740 3334 est
1797 3291 2028 3355 expers
2080 3291 2241 3355 „qua
2285 3289 2495 3355 neque
2540 3267 2836 3332 mobilius
2881 3266 3219 3352 quicquam

773 3408 982 3473 neque
1029 3388 1284 3451 tenuius
1333 3390 1593 3452 exstat’'
1627 3387 1696 3471 5).
1787 3387 1927 3452 Η38
1957 3393 2172 3473 partes
2203 3408 2428 3451 revera
2460 3406 2597 3451 esse
2640 3384 2760 3449 hoc
2790 3382 2977 3448 modo
3010 3390 3217 3449 osten-

776 3505 910 3569 dit:
979 3506 1270 3569 videmus
1338 3506 1790 3588 moribundos,
1859 3526 2128 3592 quorum
2196 3504 2451 3568 animus
2514 3524 2549 3567 e
2620 3524 2879 3589 corpore
2926 3501 3216 3583 decedit,

773 3627 1036 3686 tenuem
1105 3632 1342 3697 aurem,
1397 3625 1686 3706 (πνεῦμα)
1757 3622 2047 3687 (13831313
2074 3672 2090 3704 ,
2156 3622 2431 3686 mixtam
2500 3641 2735 3706 vapore
2805 3620 2939 3683 sive
3010 3619 3219 3683 calore

775 3740 1034 3826 (θερμοῦ
1084 3746 1308 3826 κρᾶσιν
1355 3741 1532 3827 ἕχον)
1564 3742 1648 3823 ⁰);
1712 3761 1909 3825 vapor
1952 3746 2167 3804 autem
2214 3760 2465 3825 semper
2510 3738 2887 3803 coniunctus
2934 3742 3029 3801 est
3074 3758 3219 3800 cum

841 3939 878 4003 ι)
951 3938 1013 3988 D.
1049 3938 1108 3989 L.
1145 3938 1222 3991 67.
1289 3940 1338 3989 οἱ
1385 3940 1623 4004 λέγοντες
1663 3939 1934 4002 ἀσώματον
1981 3941 2105 3988 εἶναι
2155 3939 2251 3998 τὴν
2299 3935 2475 4001 ψυχὴν
2514 3936 2877 3999 ματαΐζουσιν·
2922 3936 3078 3985 οὐδὲν
3122 3936 3216 4000 γὰρ

775 4034 842 4085 ἂν
891 4034 1104 4085 ἐδύνατο
1148 4037 1313 4084 ποιεῖν
1359 4034 1473 4082 οὔτε
1529 4035 1748 4097 πάσχειν
1800 4032 1840 4081 εἰ
1889 4032 1957 4091 ἦν
2000 4032 2249 4091 τοιαύτη·
2293 4035 2388 4082 νῦν
2441 4029 2710 4095 δ’ἑναργῶς
2760 4030 3017 4094 ἀμφότερα
3054 4034 3218 4080 ταῦτα

776 4128 1197 4194 διαλαμβάνομεν
1233 4130 1348 4193 περὶ
1383 4130 1480 4189 τὴν
1513 4126 1687 4191 ψυχὴν
1723 4130 1787 4178 τὰ
1822 4130 2185 4191 συμπτώματα.

841 4224 878 4277 ²)
946 4224 1011 4272 D.
1061 4222 1118 4273 L.
1162 4222 1228 4271 X.
1279 4226 1340 4271 66
1385 4223 1553 4274 Ἀλλὰ
1596 4226 1698 4285 μὴν
1745 4224 1829 4272 καὶ
1876 4222 1985 4273 τάδε
2037 4222 2169 4289 λέγει
2214 4224 2270 4271 ἐν
2315 4224 2525 4281 ἄλλοις,
2579 4224 2664 4273 καὶ
2714 4222 2764 4278 ἐξ
2814 4222 3018 4283 ἀτόμων
3050 4224 3219 4283 αὐτὴν

775 4320 1072 4385 συγκεῖσθαι
1105 4316 1382 4367 λειοτάτων
1414 4318 1499 4367 καὶ
1533 4319 2019 4384 στρογγυλωτάτων.

837 4413 875 4472 ³)
943 4412 1030 4463 Vs.
1067 4415 1176 4461 214.

835 4509 874 4568 ⁴)
941 4507 1028 4558 Vs.
1066 4511 1176 4557 221.

837 4603 879 4669 ⁵)
947 4602 1034 4654 Vs.
1070 4605 1180 4652 243.

838 4703 874 4762 ⁶)
944 4702 1008 4752 D.
1044 4703 1104 4753 L.
1139 4702 1206 4751 X.
1243 4704 1322 4750 63.
