3529 5359
1509 403 1629 464 153

351 580 546 667 verba
611 601 692 665 ad
756 607 964 666 terrae
1023 607 1233 667 motus
1292 600 1703 686 explicandos
1747 600 2177 686 pertinentia,
2248 621 2410 685 quae
2456 598 2560 662 hic
2606 618 2789 683 prae·

352 719 706 782 termittere
751 718 920 782 licet.
1013 718 1112 781 De
1158 719 1296 802 ipsa
1341 717 1594 782 Aetnae
1638 718 1875 781 montis
1920 717 2255 802 eruptione
2302 716 2453 802 quid
2501 714 2789 779 docuerit

352 834 594 899 Seneca
638 855 764 897 non
831 833 1067 914 refert,
1136 854 1343 918 neque
1411 833 1613 914 011110,
1677 833 1846 919 quod
1907 833 2157 896 scimus.
2248 832 2473 917 Itaque
2520 829 2788 894 arduum

348 952 530 1017 nobis
597 958 693 1015 est
761 951 838 1015 de
883 951 1028 1033 his,
1076 971 1240 1036 quae
1285 951 1651 1015 coniectura
1697 950 2041 1014 divinanda
2085 956 2233 1013 sunt
2258 999 2274 1032 ,
2344 947 2584 1034 aliquid
2629 946 2788 1011 certi

348 1070 778 1155 pronuntiare.
869 1069 996 1133 Sed
1062 1074 1277 1132 tamen
1344 1090 1488 1133 cum
1556 1075 1879 1152 postrema
1944 1067 2206 1152 Epicuri
2262 1066 2431 1152 apud
2478 1067 2787 1130 Senecam

348 1186 606 1250 laudata
669 1186 864 1249 verba
933 1185 1205 1268 legeriS,
1267 1185 1525 1249 fatearis
1585 1206 1661 1249 ea
1705 1185 1942 1249 indicia
1988 1206 2125 1249 esse
2151 1234 2167 1267 ,
2235 1184 2464 1269 quibus
2510 1189 2790 1246 statuere

347 1325 680 1388 possumus
746 1303 1119 1367 Lucretium
1184 1323 1311 1365 non
1357 1324 1472 1366 sua
1517 1303 1779 1366 inventa
1823 1302 2110 1384 tradere,
2167 1322 2425 1365 11000000
2471 1300 2653 1363 nobis
2697 1300 2791 1362 vi-

348 1419 552 1484 detur.
643 1420 806 1484 Sunt
873 1419 1073 1483 haec:
1149 1419 1449 1500 „fortasse
1519 1419 1723 1483 calida
1789 1420 1885 1482 vis
1931 1420 2191 1504 spiritus
2232 1419 2301 1482 in
2346 1418 2563 1501 ignem
2607 1437 2791 1480 versa

347 1542 414 1600 et
481 1536 730 1600 fulmini
791 1536 1012 1600 similis
1057 1557 1204 1598 011111
1248 1555 1483 1619 magua
1527 1541 1740 1618 strage
1786 1536 2174 1599 obstantium
2221 1534 2421 1598 fertur
2440 1583 2456 1615 ,
2525 1533 2791 1597 fortasse

345 1653 662 1739 palustres
745 1659 811 1716 et
883 1653 1168 1716 iacentes
1245 1652 1481 1738 aquas'’
1530 1652 1728 1737 (apud
1775 1652 2147 1716 Lucretium
2176 1701 2193 1734 ,
2250 1657 2510 1736 propter
2553 1650 2791 1713 montis

345 1772 600 1837 Aetnae
645 1792 843 1857 prope
888 1792 1064 1835 mare
1111 1771 1322 1853 situm,
1369 1792 1483 1856 pro
1530 1770 1629 1834 his
1673 1771 1866 1834 maris
1897 1791 2097 1856 aquae
2131 1773 2487 1845 sumuntur)
2527 1767 2801 1853 „aliquis

347 1890 538 1952 flatus
581 1888 857 1974 impellit
901 1894 966 1951 et
1011 1888 1159 1951 inde
1205 1893 1315 1952 aut
1359 1889 1521 1952 ictus
1566 1893 1801 1951 terram
1848 1887 2053 1973 quatit
2097 1892 2208 1950 aut
2238 1886 2497 1971 spiritus
2527 1884 2792 1968 agitatio

348 2006 489 2092 ipso
556 2012 734 2070 motu
801 2027 1088 2070 crescens
1155 2012 1220 2069 et
1267 2027 1333 2069 se
1377 2005 1650 2069 incitans
1695 2006 1777 2069 ab
1820 2006 1949 2069 imo
1994 2006 2061 2068 in
2108 2025 2352 2068 summa
2401 2024 2602 2088 usque
2648 2009 2791 2088 p'er-

344 2123 608 2188 fertur”.
697 2123 957 2188 Nullam
1003 2129 1251 2206 tamen,
1313 2123 1490 2187 addit
1546 2123 1825 2206 Seneca,
1886 2122 1981 2185 illi
2025 2123 2236 2207 placet
2282 2141 2535 2184 causam
2580 2125 2791 2184 motus

351 2261 492 2305 esse
551 2242 856 2305 maiorem
904 2262 1094 2326 quam
1139 2241 1459 2326 spiritum,
1534 2239 1702 2326 quod
1747 2240 2121 2304 Lucretium
2168 2237 2479 2303 affirmare
2527 2238 2653 2302 iam
2699 2238 2791 2301 vi-

349 2358 579 2422 dimus.
670 2358 842 2441 Ergo
911 2363 1189 2421 statuere
1249 2378 1582 2442 possumus
1649 2357 2023 2421 Lucretium
2082 2356 2457 2440 magistrum
2504 2361 2791 2418 secutum

347 2495 488 2538 esse
531 2476 599 2538 in
643 2475 722 2537 iis
746 2525 762 2557 ,
809 2495 972 2560 quae
1019 2473 1100 2538 ad
1144 2474 1594 2560 explicandum
1637 2473 1757 2537 1100
1803 2473 2287 2559 phaenomenon
2332 2473 2670 2558 pertinent.

434 2591 613 2654 Inter
683 2597 929 2673 cetera,
997 2611 1160 2676 quae
1227 2595 1418 2675 poeta
1463 2590 1584 2654 sibi
1631 2590 2014 2676 explicanda
2055 2595 2268 2675 putat,
2318 2596 2413 2654 est
2501 2589 2635 2652 Nili
2680 2589 2794 2651 flu-

355 2710 546 2773 minis
606 2730 887 2772 annuum
935 2709 1417 2772 incrementum.
1510 2710 1901 2774 Graecorum
1948 2708 2372 2794 antiquissimi
2421 2708 2795 2792 scriptores,

349 2824 728 2910 logographi
759 2825 1150 2899 ⁴Hellanicus
1177 2876 1192 2907 ,
1240 2825 1555 2909 Cadmus,
1603 2827 1970 2891 Hecataeus
2015 2826 2295 2890 Diodoro
2352 2829 2516 2889 teste
2568 2824 2645 2887 de
2676 2823 2795 2887 hoc

351 2942 799 3028 phaenomeno
867 2941 994 3005 iam
1042 2943 1464 3027 scripserant,
1535 2942 1763 3007 deinde
1811 2942 2179 3007 Herodotus
2225 2948 2289 3005 et
2332 2941 2619 3026 plerique
2666 2940 2793 3003 alii.

349 3060 490 3123 Nec
534 3059 767 3122 mirum
811 3058 931 3122 1100
957 3108 976 3141 ,
1019 3080 1165 3122 011111
1212 3065 1346 3124 tota
1389 3060 1677 3145 Aegypti
1721 3060 2030 3123 mirabilis
2061 3065 2271 3141 terra,
2320 3079 2465 3121 cum
2496 3078 2702 3121 mores
2733 3063 2798 3120 et

347 3176 484 3241 vita
541 3176 893 3241 incolarum
941 3176 1330 3240 Graecorum
1378 3176 1592 3241 doctos
1639 3177 2080 3259 adverterent,
2129 3181 2195 3240 et
2240 3181 2412 3239 terra
2455 3174 2685 3238 merito
2716 3174 2796 3238 ab

350 3294 682 3358 Herodoto
752 3293 986 3358 donum
1054 3294 1188 3357 Nili
1247 3295 1624 3379 appelletur.
1714 3296 1895 3359 Inter
1939 3294 2349 3380 philosophos
2394 3292 2799 3357 Democritus

350 3411 544 3475 huius
611 3412 744 3476 Nili
807 3393 1184 3476 incrementi
1231 3434 1450 3476 causas
1495 3413 1819 3498 inquirere
1865 3419 2129 3476 conatus
2176 3419 2313 3475 erat
2361 3410 2699 3486 (Diodorus
2743 3411 2797 3474 Ι.

352 3532 472 3612 39,
539 3531 727 3595 Lucr.
793 3530 908 3593 VI.
983 3532 1320 3611 729—34).
1411 3531 1629 3594 Facile
1701 3551 1853 3615 ergo
1915 3530 2223 3594 concedes
2269 3530 2621 3615 Epicurum
2666 3534 2797 3592 tam

350 3646 585 3709 mirum
629 3644 1116 3731 phaenomenon
1140 3696 1156 3729 ,
1203 3646 1284 3709 ab
1316 3653 1575 3711 auctore
1608 3648 1745 3711 01110
1769 3646 2211 3732 philosophiae
2242 3651 2585 3709 tractatum
2606 3694 2622 3727 ,
2669 3666 2797 3707 non

350 3763 756 3848 praeteriisse
817 3769 883 3826 et
926 3784 1101 3827 more
1131 3786 1262 3828 -suo
1309 3764 1477 3827 inter
1524 3786 1740 3829 omnes
1788 3786 2049 3847 0011000,
2120 3785 2282 3851 quae
2329 3763 2797 3845 afferebantur,

351 3901 483 3946 non
527 3902 719 3943 unam
765 3862 962 3944 solam
1008 3902 1225 3945 veram
1275 3882 1512 3946 dixisse
1559 3882 1669 3947 sed
1716 3904 1935 3946 omnes
1960 3932 1977 3965 ,
2047 3882 2099 3945 si
2144 3882 2331 3946 modo
2378 3903 2521 3946 cum
2566 3880 2797 3966 princi-

351 3997 478 4083 piis
537 3996 674 4060 eius
721 3997 1046 4062 doctrinae
1090 4020 1219 4063 non
1263 4007 1666 4084 pugnarent,
1729 4021 1932 4086 aeque
1979 4021 2162 4063 veras
2206 3999 2523 4063 habuisse.
2614 3997 2826 4074 Quod.

353 4115 408 4179 si
478 4116 902 4199 concesseris,
972 4117 1344 4181 Lucretium
1414 4126 1683 4204 quatuor
1743 4118 1933 4182 huius
2007 4119 2101 4181 rei
2146 4138 2367 4181 causas
2412 4139 2451 4181 a
2493 4116 2798 4200 magistro

352 4236 714 4295 mutuatum
775 4253 948 4315 esse,
997 4253 1231 4317 negare
1277 4256 1406 4297 non
1451 4235 1705 4321 poteris.
1799 4236 2144 4299 Praeterea
2193 4233 2627 4297 animadverte
2674 4230 2800 4317 pri-

353 4368 525 4411 mam
573 4368 859 4430 causam,
923 4370 1113 4434 quam
1158 4350 1438 4435 profert,
1488 4372 1624 4415 esse
1660 4350 1967 4415 Thaletis.
2059 4350 2533 4413 Incrementum
2564 4347 2699 4410 Nili
2728 4348 2801 4411 fit

355 4463 654 4550 quoniam
698 4470 943 4529 aestate
987 4466 1225 4529 etesiae
1273 4488 1308 4530 e
1355 4468 1789 4552 septentrione
1835 4469 2063 4531 flantes
2109 4465 2387 4529 fluminis
2432 4486 2628 4550 aquas
2657 4485 2799 4549 pro-

353 4580 620 4664 hibent,
689 4582 1024 4668 quominus
1090 4584 1352 4648 effluant
1420 4592 1535 4664 (vs.
1603 4587 1984 4667 714—723).
2078 4584 2297 4659 Θαλῆς
2340 4587 2451 4665 μὲν
2498 4582 2652 4664 οὖν,
2714 4583 2803 4658 εἷς

357 4700 487 4766 τῶν
553 4702 702 4766 ἑπτὰ
772 4705 991 4787 σοφῶν
1053 4702 1525 4785 ὀνομαζόμενος
1551 4752 1569 4781 ,
1630 4710 1781 4789 φησὶ
1848 4706 1997 4780 τοὺς
2061 4706 2307 4779 ἐτησίας
2352 4702 2803 4775 ἀντιπνέοντας
