3529 5359
1882 367 1963 429 98

700 571 849 632 sunt
913 571 1313 652 φανταστικαὶ
1382 565 1680 653 ἐπιβολαὶ
1758 578 1871 644 τῆς
1940 565 2258 649 διανοίας,
2328 569 2549 654 quales
2616 576 2764 633 sunt
2839 569 3138 635 Centauri

701 685 1085 770 Cerberique
1167 684 1479 767 imagines
1560 670 2053 770 insanorumque
2121 686 2609 769 imaginationes
2634 737 2650 769 ,
2720 709 2876 773 quas
2942 689 3138 752 libero

698 801 970 888 quodam
1036 807 1216 865 motu
1275 801 1525 864 animus
1569 801 1689 865 sibi
1737 801 1963 885 fingit,
2036 803 2256 868 insitas
2302 805 2693 888 coniungens
2736 805 3048 889 imagines
3081 808 3137 888 ¹).

695 918 910 982 Etiam
979 918 1376 982 extrinsecus
1442 917 1510 981 in
1575 917 1859 981 animum
1902 917 2121 983 inferri
2166 924 2464 1004 possunt,
2535 926 2871 1006 postquam
2918 942 2953 984 e
3000 942 3139 985 con-

692 1036 1014 1100 iunctione
1060 1035 1539 1099 simulacrorum
1585 1040 1734 1098 sunt
1778 1035 2019 1117 factae,
2066 1043 2137 1099 ut
2182 1059 2373 1122 supra
2419 1037 2715 1102 diximus.

780 1152 1011 1218 Omnia
1053 1146 1499 1238 reputantibus
1544 1153 1725 1216 nobis
1769 1153 2025 1217 videtur
2070 1160 2261 1239 poeta
2305 1177 2433 1218 non
2477 1155 2545 1219 in
2590 1162 2805 1219 mente
2845 1154 3136 1220 habuisse

693 1272 951 1336 uberius
1011 1272 1379 1336 canonicam
1427 1271 1781 1336 doctrinam
1830 1291 2196 1356 exponere,
2260 1294 2451 1357 quam
2496 1272 2578 1336 ad
2622 1272 2952 1358 physicam
3000 1273 3137 1338 doc-

693 1389 924 1452 trinam
970 1389 1416 1475 exponendam
1460 1409 1721 1452 necesse
1770 1394 1976 1452 esset:
2047 1388 2216 1474 quod
2264 1388 2415 1452 dum
2460 1389 2653 1470 facit,
2700 1390 2936 1453 multas
2984 1389 3135 1452 diffi-

692 1507 964 1571 cultates
1007 1526 1337 1570 remanere
1383 1505 1586 1586 vidit,
1635 1525 1798 1590 quae
1844 1505 2003 1568 libro
2053 1505 2307 1568 demum
2353 1526 2569 1569 rursus
2607 1507 2890 1591 perlecto
2920 1507 3136 1590 paucis

689 1624 903 1688 verbis
945 1623 1298 1705 indicavit,
1345 1628 1417 1685 ut
1461 1628 1686 1708 postea
1731 1644 1844 1685 suo
1890 1622 2027 1686 loco
2076 1643 2183 1685 eas
2228 1621 2523 1686 solveret.
2615 1621 2671 1685 E
2701 1622 2923 1685 multis
2953 1643 3136 1707 porro

687 1742 939 1805 indiciis
1005 1740 1411 1804 manifestum
1481 1746 1618 1821 est,
1688 1745 1916 1824 poetae
1980 1761 2137 1824 opus
2194 1761 2378 1802 suum
2422 1739 2780 1825 perlegenti
2824 1740 3027 1803 multa
3070 1740 3137 1802 in

687 1863 969 1922 mentem
1029 1857 1321 1939 venisse,
1388 1877 1550 1942 quae
1597 1862 1733 1920 arte
1782 1878 1926 1920 cum
1972 1861 2107 1920 tota
2153 1855 2439 1920 doctrina
2484 1855 2902 1920 cohaererent
2946 1862 3135 1941 atque

688 1975 882 2039 etiam
950 1974 1030 2038 ad
1098 1974 1358 2038 deorum
1427 1979 1670 2037 metum
1738 1994 1823 2037 ex
1876 1974 2103 2036 animis
2152 1973 2604 2058 expellendum
2650 1973 2836 2037 utilia
2881 1980 3133 2056 essent,

684 2113 846 2179 quae
917 2098 1132 2156 tamen
1202 2091 1654 2177 praeteriisset.
1745 2090 1927 2154 Haec
1999 2091 2227 2155 deinde
2274 2090 2517 2154 addidit
2563 2112 2770 2176 neque
2815 2091 2885 2153 in
2930 2096 3135 2154 totum

684 2230 842 2294 opus
887 2209 980 2273 ita
1024 2209 1336 2292 intexuit,
1383 2214 1456 2272 ut
1500 2209 1682 2294 quasi
1727 2229 1871 2272 cum
1894 2229 1993 2284 ,eo
2040 2209 2487 2272 coalescerent.
2554 2207 2941 2272 Huiusmodi
2988 2216 3137 2273 sunt

682 2347 774 2389 vs.
823 2327 1166 2388 822—876
1196 2325 1263 2408 2).

768 2442 875 2506 Ex
936 2443 1050 2525 iis,
1120 2463 1282 2528 quae
1329 2442 1762 2527 praecedunt,
1832 2441 2061 2527 cuique
2108 2440 2353 2526 patebit
2399 2462 2484 2504 ex
2533 2440 2798 2526 Epicuri
2847 2441 3139 2505 doctrina

681 2582 926 2625 causas.
971 2559 1192 2624 finales
1261 2580 1424 2645 quae
1489 2559 1788 2623 dicuntur
1834 2559 1901 2622 in
1946 2559 2243 2622 universo
2290 2580 2417 2622 non
2463 2579 2642 2622 esse:
2712 2559 2925 2622 omnia
2970 2578 3133 2644 quae

683 2683 833 2743 sunt
876 2700 1029 2743 casu
1073 2676 1346 2763 quodam
1393 2683 1458 2740 et
1501 2676 1760 2741 fortuito
1806 2676 1974 2740 facta
2018 2682 2183 2740 sunt.
2280 2674 2461 2748 Nihil
2506 2681 2721 2739 autem
2769 2681 2866 2739 est
2909 2675 2977 2739 in
3006 2698 3132 2762 quo

652 2796 856 2881 ‘prius
924 2795 1118 2860 finem
1187 2794 1503 2880 quendam
1575 2795 1937 2880 expetitum
1982 2815 2119 2858 esse
2168 2793 2426 2857 credere
2472 2794 2784 2878 possimus
2829 2814 3020 2880 quam
3064 2795 3133 2857 in

679 2914 970 2977 sensibus
1017 2918 1082 2977 et
1125 2912 1428 2977 membris
1473 2912 1750 2994 nostris,
1799 2932 1993 2997 quare
2042 2911 2237 2975 Stoici
2284 2910 2584 2975 diebant:
2660 2910 2859 2993 „nihil
2902 2910 3132 2975 horum

679 3051 815 3095 esse
860 3030 1194 3094 fortuitum
1242 3035 1308 3093 et
1352 3028 1512 3093 haec
1559 3030 1773 3092 omnia
1818 3049 1953 3093 esse
2002 3050 2195 3113 opera
2239 3028 2540 3113 providae
2587 3028 2985 3114 sollertisque
3024 3050 3133 3093 na-

676 3146 898 3211 turae”
927 3144 971 3225 3)
993 3196 1009 3229 ,
1058 3152 1122 3211 et
1173 3145 1540 3227 „hominum
1585 3166 1775 3210 causa
1819 3145 2057 3209 factum
2103 3166 2240 3209 esse
2285 3144 2594 3209 mundum
2627 3165 2915 3230 quaeque
2950 3145 3017 3207 in
3053 3166 3130 3209 eo

676 3265 805 3329 sint
869 3264 1123 3329 omnia’'
1151 3265 1224 3347 4).
1318 3264 1556 3328 Contra
1622 3264 1939 3350 Epicurus
1970 3264 2017 3340 5)
2098 3284 2372 3348 eumque
2452 3284 2723 3348 sequens
2790 3263 3133 3327 Lucretius

675 3383 1091 3447 ostenderunt
1154 3383 1379 3468 procul
1448 3404 1586 3446 esse
1661 3388 1771 3463 „ut
1832 3381 2091 3446 credere
2165 3382 2367 3467 possis
2426 3383 2669 3461 (sensus
2713 3386 2779 3445 et
2822 3381 3131 3463 membra)

674 3501 970 3566 utilitatis
1031 3500 1112 3564 ob
1173 3500 1450 3565 officium
1502 3500 1785 3586 potuisse
1833 3499 2098 3564 creari”.
2190 3499 2589 3584 Principium
2635 3520 2855 3563 eorum
2901 3498 3132 3563 doctri-

739 3760 779 3825 ¹)
846 3760 911 3809 D.
947 3760 1005 3810 L.
1045 3760 1108 3809 X.
1145 3762 1207 3808 62
1258 3763 1328 3811 rb
1371 3758 1817 3823 θεωρούμενον
1864 3762 1936 3822 τῷ
1978 3760 2131 3809 κατ’
2180 3760 2493 3823 ἐπιβολὴν
2539 3758 3005 3825 λαμβανομένῳ
3052 3764 3132 3826 τῇ

674 3856 702 3906 δ
715 3876 776 3907 ια
793 3876 860 3907 νο
878 3854 892 3903 ί
907 3875 939 3921 ᾳ
995 3854 1290 3918 opponitur:
1345 3859 1610 3919 utrumque
1661 3870 1851 3917 semper
1899 3859 1975 3903 est
2025 3869 2197 3904 verum
2212 3892 2225 3917 ‚
2277 3854 2509 3919 quoniam
2544 3854 2625 3905 vel
2657 3855 2720 3903 ad
2750 3853 3014 3903 simulacra
3045 3853 3134 3904 vel

674 3952 737 4001 ad
777 3950 1153 4013 anticipationes
1185 3950 1494 4000 referendum
1544 3952 1634 3999 est.
2644 4004 2647 4007 .

739 4046 780 4109 2)
853 4044 929 4095 Of.
987 4043 1192 4094 Lachm.
1248 4044 1508 4093 Praeterea
1559 4043 1738 4092 lacuna
1794 4048 1869 4092 est
1916 4048 2027 4105 post
2060 4059 2133 4093 vs.
2170 4046 2260 4092 821
2298 4044 2361 4092 cf.
2397 4044 2462 4091 D.
2498 4043 2555 4092 L.
2592 4043 2660 4092 X.
2695 4046 2772 4092 51.
2810 4042 3132 4103 Steinhardt‚

671 4140 727 4189 in
760 4140 934 4190 Ersch.
971 4145 1021 4189 et
1056 4139 1209 4189 Grub.
1245 4138 1338 4188 sub
1371 4154 1491 4188 voce
1526 4140 1782 4199 Epicurus.
1829 4137 2103 4199 Susemihl‚
2150 4138 2315 4189 Philol
2366 4137 2615 4188 XXXIII
2634 4175 2648 4199 ,
2682 4154 2793 4202 pag.
2821 4140 2914 4187 443
2950 4154 3131 4189 versus

673 4236 743 4287 sio
777 4236 997 4286 ordinat:
1041 4236 1363 4294 907—-1036,
1401 4237 1654 4283 858-906
1675 4270 1688 4294 ‚
1727 4234 1999 4285 822—857.

737 4330 778 4393 ³)
848 4328 949 4379 Cic.
1002 4330 1062 4377 de
1104 4328 1224 4377 Nat.
1263 4328 1409 4376 Deor.
1448 4327 1522 4376 ΙΙ.
1563 4330 1671 4375 128.

737 4426 755 4456 ⁴
848 4424 951 4475 Cic.
985 4424 1019 4472 1.
1055 4424 1089 4476 1.
1127 4426 1235 4471 133.

735 4426 776 4583 ⁵}
847 4520 909 4568 D.
958 4518 1017 4567 L.
1069 4518 1132 4569 X.
1178 4519 1238 4569 75
1256 4556 1268 4578 ,
1328 4518 1404 4569 76.
1453 4517 1740 4566 Lucretium
1792 4532 1905 4565 eum
1955 4516 2017 4564 ad
2060 4515 2278 4565 litteram
2324 4521 2547 4565 secutum
2599 4532 2705 4565 esse
2738 4514 2905 4565 videre
2938 4514 3063 4564 licet
3101 4530 3132 4565 e

671 4613 921 4667 Lactantii
965 4615 1026 4663 de
1061 4613 1193 4677 opif.
1230 4627 1336 4675 cap.
1369 4615 1415 4660 6.
1449 4611 1617 4673 „Quid
1647 4610 1720 4661 ais
1753 4610 1969 4674 Epicure
1994 4612 2015 4658 Ρ
2050 4610 2105 4659 Si
2136 4627 2237 4660 non
2270 4616 2387 4660 sunt
2418 4612 2482 4660 ad
2514 4610 2782 4662 videndum
2814 4608 2949 4659 oculi
2982 4609 3093 4659 nati
3110 4646 3127 4674 ,

669 4726 758 4760 cur
789 4709 946 4773 igitur
977 4708 1188 4759 vident?
1254 4708 1433 4757 Postea
1450 4744 1463 4767 ,
1497 4705 1663 4770 inquit
1681 4742 1694 4766 ,
1729 4721 1851 4755 usus
1884 4721 2051 4754 eorum
2086 4704 2367 4770 apparuit”.
