3529 5359
1904 351 1986 414 62

726 554 937 620 coetui
983 553 1292 639 (corpori).
1381 551 1518 617 Vix
1585 573 1773 638 porro
1842 551 2101 616 credere
2168 572 2427 638 possum
2474 551 2827 638 Epicurum
2886 551 2991 616 hic
3038 557 3165 616 tres

727 674 922 738 animi
967 677 1180 758 partes
1209 676 1460 736 tantum
1493 691 1900 734 enumerasse
1919 719 1935 752 ,
1984 691 2128 734 cum
2160 670 2535 752 Lucretius,
2567 668 2992 751 Plutarchus,
3026 669 3163 733 Sto-

722 791 920 856 baeus
965 795 1264 876 quattuor
1302 789 1369 853 'ei
1413 788 1715 852 tribuant.
1763 787 1955 852 Aeris
1987 788 2376 852 elementum
2416 787 2613 850 deest.
2676 788 2916 850 Aerem
2946 791 3161 850 autem

727 908 1064 974 Lucretius
1133 907 1286 970 dicit
1353 926 1604 991 semper
1671 926 1819 968 cum
1886 905 2093 969 calore
2139 911 2205 968 et
2249 925 2483 991 vapore
2529 905 2938 968 coniunctum
2984 925 3159 968 esse:

725 1047 912 1112 porro
978 1025 1202 1109 negari
1269 1046 1395 1089 non
1439 1028 1650 1108 potest
1697 1043 1845 1086 eum
1891 1023 2085 1087 etiam
2130 1026 2429 1105 πνεύματι
2474 1022 2607 1086 sive
2652 1042 2845 1086 aurae
2892 1021 3162 1086 similem

727 1165 884 1208 esse.
975 1142 1076 1206 De
1143 1143 1354 1206 animo
1418 1161 1604 1227 porro
1673 1141 1783 1226 qui
1852 1140 2021 1204 dicet
2067 1161 2214 1204 eum
2258 1139 2447 1204 modo
2492 1161 2685 1204 aurae
2733 1138 2921 1203 modo
2969 1139 3160 1202 calori

725 1261 997 1324 similem
1045 1262 1514 1346 (προσεμφερές)
1563 1278 1700 1322 esse
1724 1259 1754 1321 ⁴?
1844 1259 2167 1342 Legamus
2226 1257 2463 1342 igitur:
2536 1260 3161 1343 προσεμφερέστατον

724 1377 786 1448 δὲ
841 1381 1140 1460 πνεύματι
1192 1383 1425 1462 θερμοῦ
1493 1404 1631 1440 τινα
1701 1380 1922 1459 κρᾶσιν
1991 1375 2206 1463 ἔχοντι
2268 1380 2364 1441 καὶ
2436 1374 2621 1459 ἀέρος
2669 1385 2755 1450 πῆ
2806 1379 2919 1456 μὲν
2964 1377 3162 1459 τούτῳ

721 1500 1196 1580 προςεμφεροῦς
1250 1503 1334 1568 πῆ
1383 1489 1434 1557 δ’
1467 1495 1696 1577 ἐκείνῳ.
1735 1491 1862 1556 ἔστι
1910 1488 1974 1556 δέ
2016 1519 2074 1556 τι
2115 1492 2304 1576 μέρος
2351 1520 2403 1555 κ.
2434 1519 2488 1554 τ.
2520 1490 2585 1554 λ.

803 1611 956 1674 Noli
1021 1615 1237 1673 tamen
1295 1613 1522 1694 putare
1589 1607 1705 1672 has
1774 1612 2075 1693 quattuor
2134 1613 2347 1692 partes
2413 1606 2756 1692 separatim
2818 1604 3039 1670 adesse
3096 1606 3163 1670 in

717 1747 1019 1812 corpore:
1089 1747 1125 1790 e
1195 1725 1554 1808 contrariO,
1623 1725 1868 1788 mixtae
1938 1730 2157 1788 creant
2211 1745 2405 1788 unam
2449 1729 2785 1806 naturam,
2856 1729 3057 1809 κρᾶμα
3102 1727 3162 1788 ἐκ

717 1847 1040 1930 τεσσάρων
1096 1844 1248 1908 dicit
1313 1843 1648 1929 Epicurus,
1741 1848 1977 1916 Quarta
2019 1842 2131 1907 illa
2174 1843 2309 1924 vis,
2357 1863 2519 1928 quae
2562 1865 2603 1906 a
2648 1864 2715 1906 se
2762 1842 2991 1906 ceteris
3038 1840 3158 1905 dis-

718 1961 945 2026 tribuit
996 1961 1263 2043 „initum
1308 1960 1588 2043 motus'’,
1643 1960 1935 2046 „penitus
1977 1981 2268 2045 prorsum
2311 1960 2510 2024 latet”
2557 1960 2624 2022 in
2650 1980 2911 2045 corpore
2936 2008 2954 2038 ,
3007 1980 3159 2042 „nec

720 2079 925 2163 magis
968 2078 1088 2143 hoc
1133 2079 1302 2143 intra
1345 2078 1686 2164 quicquam
1733 2083 1831 2142 est
1874 2077 1942 2140 in
1988 2098 2249 2163 corpore
2295 2075 2565 2142 nostro'’
2617 2079 2821 2160 (274);
2883 2082 2980 2140 est
3025 2077 3161 2162 ipsa

714 2195 895 2283 quasi
963 2195 1178 2260 anima
1247 2195 1442 2258 totius
1511 2195 1759 2258 animae
1807 2200 1873 2258 et
1920 2193 2283 2258 dominatur
2327 2207 2587 2280 corpore
2634 2199 2788 2258 toto.
2881 2193 3159 2258 Graecus

714 2333 855 2378 eam
917 2311 1246 2398 appellat:
1311 2314 1384 2377 τὸ
1460 2314 1860 2397 ἡγεμονικόν.
1950 2308 2219 2376 Dolores
2278 2317 2343 2374 et
2400 2311 2573 2376 mala
2617 2311 2742 2376 huc
2786 2313 2981 2396 vulgo
3025 2332 3157 2376 non

713 2435 1081 2516 penetrant,
1135 2427 1284 2510 „sed
1329 2429 1708 2514 plerumque
1752 2428 1825 2491 fit
1871 2428 1939 2491 in
1985 2448 2230 2492 summo
2276 2429 2457 2514 quasi
2503 2449 2763 2514 corpore
2810 2428 2953 2492 finis
2977 2427 3157 2493 moti-

712 2548 832 2613 bus
853 2548 889 2577 ”
940 2548 1141 2630 (254),
1191 2546 1302 2611 sed
1363 2547 1416 2610 si
1460 2544 1588 2610 huc
1631 2551 2003 2632 penetrant,
2049 2567 2219 2610 mors
2266 2547 2484 2610 statim
2530 2547 2835 2633 sequitur.
2924 2546 3159 2611 Anima

712 2663 932 2750 igitur,
980 2684 1144 2750 quae
1188 2684 1304 2749 per
1348 2668 1555 2727 totum
1608 2667 1705 2726 est
1752 2661 1973 2726 dissita
2018 2684 2266 2749 corpuS,
2298 2661 2620 2727 doloribus
2651 2661 2924 2727 afficitur
2952 2682 3157 2749 neque

715 2783 966 2847 animus
1013 2782 1148 2845 sive
1193 2801 1375 2844 mens
1404 2830 1420 2863 ‚
1497 2780 1666 2867 quod
1731 2779 2119 2845 Plutarchus
2164 2801 2414 2867 quoque
2459 2780 2696 2845 refert:
2783 2780 3157 2866 Ἐπίκουρος

717 2904 814 2964 καὶ
881 2901 956 2963 τὰ
1019 2902 1192 2973 πάθη
1241 2906 1337 2963 καὶ
1385 2898 1502 2971 τὰς
1559 2900 1881 2976 αἰσθήσεις
1929 2900 1993 2963 ἐν
2037 2906 2172 2974 τοῖς
2218 2900 2572 2964 πεπονθόσι
2618 2900 2880 2977 τόποις·
2916 2900 2987 2962 τὸ
3033 2898 3154 2983 γὰρ

717 3016 1094 3102 ἡγεμονικὸν
1161 3016 1404 3089 ἀπα-θές
1434 3015 1493 3096 ¹).
1584 3013 1785 3077 Hisce
1830 3019 2046 3078 autem
2090 3014 2301 3078 verbis
2348 3014 2706 3101 exprimere
2753 3014 2935 3079 nobis
2986 3013 3155 3077 vide-

720 3139 857 3215 tur,
908 3154 1033 3195 non
1078 3132 1333 3195 omnino
1378 3131 1660 3195 animum
1706 3132 1883 3195 nullo
1927 3133 2194 3195 vulnere
2240 3132 2405 3197 affici
2451 3153 2678 3217 posse,
2736 3132 2847 3196 sed
2890 3132 3003 3195 illa
3045 3132 3154 3195 mi-

719 3273 876 3315 nora
919 3257 992 3315 ut
1022 3251 1114 3314 ita
1145 3250 1348 3314 dicam
1393 3250 1659 3314 vulnera
1689 3256 1755 3313 et
1787 3249 2068 3333 dolores,
2100 3271 2261 3337 quae
2294 3272 2485 3336 saepe
2516 3251 2829 3335 patimur,
2874 3250 3151 3314 animum

717 3368 1016 3431 intimum
1083 3388 1210 3431 non
1278 3366 1574 3449 laedere,
1647 3366 1760 3431 sed
1828 3388 1905 3431 ea
1973 3387 2235 3453 corpore
2305 3372 2555 3431 tantum
2602 3373 2666 3431 et
2710 3367 2923 3431 anima
2965 3366 3033 3429 in
3080 3386 3151 3431 eo

719 3485 1044 3571 dispersa,
1092 3484 1356 3549 sentiri:
1404 3483 1698 3570 quodque
1742 3484 1975 3549 vulnus
2018 3485 2231 3549 animo
2275 3485 2399 3571 ipsi
2444 3478 2579 3549 sive
2623 3485 2827 3549 menti
2871 3484 3150 3565 illatum,

717 3602 934 3667 statim
978 3608 1249 3666 mortem
1296 3600 1487 3665 efficit
1519 3602 1586 3680 2).
1638 3640 1718 3647 -
1766 3602 1966 3666 Porro
2012 3622 2097 3665 ex
2140 3600 2315 3666 hisce
2362 3603 2559 3667 animi
2590 3603 2923 3667 elementis
2956 3602 3153 3687 expli-

717 3726 942 3785 cantur
988 3719 1238 3784 diversa
1266 3718 1596 3783 hominum
1641 3725 1707 3783 et
1752 3720 2122 3784 animalium
2166 3721 2411 3789 indoles
2449 3728 2515 3785 et
2542 3742 2771 3805 moreS,
2804 3742 2967 3807 quae
3002 3726 3152 3785 tem·

716 3843 1088 3923 peramenta
1132 3857 1432 3900 vocamus
1457 3885 1473 3918 ,
1521 3857 1682 3923 quae
1729 3857 1881 3921 ergo
1928 3838 2140 3901 omnia
2183 3838 2251 3902 in
2297 3860 2545 3925 quoque
2590 3838 2847 3902 homine
2894 3837 3151 3919 adsunt,

717 3954 829 4019 sed
873 3954 1048 4019 aliud
1091 3975 1245 4040 prae
1275 3955 1418 4025 ,alio
1462 3954 1995 4040 praeponderans.
2086 3956 2275 4021 Calor
2322 3977 2515 4021 causa
2558 3963 2657 4020 est
2702 3956 2833 4021 irae
2882 3960 2949 4018 et
2978 3954 3152 4019 ardo-

784 4216 823 4280 ¹)
892 4214 1027 4266 Plac.
1061 4214 1186 4279 phil.
1222 4214 1298 4265 IV
1315 4250 1330 4276 ,
1365 4217 1444 4264 23.

781 4311 819 4369 ²)
888 4310 966 4361 cf.
1001 4327 1050 4359 v.
1088 4312 1182 4359 252
1217 4325 1353 4374 seqq.
1419 4307 1636 4360 Uberius
1668 4310 1729 4360 de
1751 4309 1847 4361 hoc
1878 4310 1988 4360 loco
2021 4310 2127 4375 agit
2157 4315 2303 4375 poeto.
2334 4328 2407 4361 vs.
2448 4313 2720 4364 359-417,
2784 4310 3037 4361 Assentiri
3057 4326 3155 4361 non

713 4422 916 4471 possum
949 4403 1057 4455 viro
1089 4404 1372 4455 doctissimo
1405 4405 1701 4455 Reisackero
1719 4442 1732 4463 ‚
1768 4421 1881 4455 cum
1913 4406 2035 4456 haec
2069 4406 2218 4455 verba
2250 4408 2382 4470 apud
2416 4407 2739 4456 Plutarchum
2778 4422 2927 4456 sensu
2947 4405 3122 4456 morali
3138 4442 3153 4466 ‚

715 4507 776 4553 ut
806 4501 880 4551 ita
911 4500 1072 4551 dicam
1089 4535 1103 4560 ,
1138 4498 1271 4549 dicta
1303 4514 1409 4549 esse
1440 4498 1635 4564 opinari
1667 4498 1909 4549 videatur.
1982 4500 2127 4563 (Vide
2160 4501 2299 4565 Epic.
2328 4502 2388 4551 de
2420 4500 2568 4551 anim.
2604 4506 2707 4555 nat.
2740 4502 2891 4551 doctr.
2915 4500 2970 4550 in
2992 4517 3153 4565 progr.

714 4612 886 4663 gymn.
936 4594 1105 4645 Golon.
1162 4610 1274 4659 pag.
1323 4594 1423 4660 23.)
1496 4594 1622 4644 Cum
1669 4594 1764 4644 hac
1813 4594 2044 4658 opinione
2076 4610 2191 4645 cum
2224 4595 2323 4645 alia
2354 4601 2463 4645 tum
2497 4596 2671 4660 capitis
2704 4594 2991 4660 inscriptio:
3040 4599 3157 4661 περὶ

716 4694 902 4743 παθῶν
935 4696 1232 4754 σωματικῶν
1264 4691 1346 4739 καὶ
1385 4688 1425 4738 εἰ
1459 4692 1706 4757 συναλγεῖ
1741 4690 1907 4754 τούτῳ
1942 4688 1972 4748 ἡ
2007 4689 2153 4755 ψυχὴ
2186 4696 2413 4755 pugnant
2435 4728 2449 4753 ,
2484 4692 2528 4741 si
2559 4697 2690 4742 recte
2723 4691 2881 4742 video.
