3529 5359
1648 380 1770 442 129

445 581 581 640 tum
647 579 894 642 caelum
960 585 1283 663 vertatur,
1353 580 1562 645 sidera
1630 601 1777 645 cum
1846 602 1921 645 eo
1991 602 2241 668 quoque
2290 580 2889 664 circumducuntur,

444 694 556 759 sed
613 717 691 760 ea
752 698 996 762 ratione
1017 748 1033 781 ,
1109 706 1182 763 ut
1262 706 1536 785 „quanto
1605 721 1895 786 quaeque
1962 700 2165 784 magis
2233 701 2361 764 sint
2403 706 2638 764 terram
2685 699 2893 764 sidera

444 818 703 898 propter
726 864 742 897 ,
804 820 982 879 tanto
1025 815 1270 900 possint
1315 817 1524 880 minus
1569 838 1712 881 cum
1759 818 1920 882 caeli
1964 817 2218 881 turbine
2263 817 2447 881 ferri:
2510 838 2889 882 evanescere

446 930 614 994 enim
675 931 928 1016 rapidas
982 932 1155 996 illius
1201 939 1266 996 et
1312 934 1477 997 acris
1521 933 1814 998 imminui
1861 939 2081 1019 supter
2124 934 2277 997 viris
2302 984 2318 1017 ,
2386 934 2655 1020 ideoque
2701 934 2891 998 relin-

445 1048 553 1133 qui
597 1048 905 1133 paulatim
951 1051 1148 1114 solem
1197 1072 1341 1115 cum
1389 1051 1834 1136 posterioribu'
1884 1051 2123 1134 signis,
2170 1051 2432 1114 inferior
2474 1053 2676 1115 multo
2722 1051 2892 1137 quod

445 1163 526 1226 sit
591 1186 782 1250 quam
849 1165 1094 1229 fervida
1167 1167 1350 1250 signa
1376 1168 1412 1195 ”
1488 1169 1859 1250 (623—28).
1952 1167 2115 1231 Cum
2184 1166 2393 1229 sidera
2450 1167 2581 1230 fixa
2638 1167 2891 1251 longius

445 1280 676 1345 distent
721 1305 760 1347 a
805 1288 974 1347 terra
1019 1305 1209 1369 quam
1256 1284 1348 1348 sol
1393 1290 1584 1369 atque
1631 1284 1787 1348 luna
1811 1333 1827 1366 ,
1874 1285 2135 1348 necesse
2182 1289 2320 1365 est,
2368 1283 2422 1346 si
2468 1283 2693 1347 eodem
2732 1289 2888 1347 tem-

444 1418 594 1482 pore
640 1419 821 1462 suam
866 1399 1160 1485 quodque
1206 1399 1376 1464 viam
1423 1406 1833 1485 percurrant,
1881 1406 2051 1464 astra
2095 1400 2226 1463 fixa
2254 1400 2455 1464 multo
2480 1400 2748 1464 celerius
2775 1400 2891 1465 cir-

444 1514 902 1579 cumducantur
968 1537 1158 1601 quam
1221 1517 1314 1580 sol
1375 1522 1440 1580 et
1499 1517 1685 1599 luna,
1741 1518 2043 1602 quoniam
2109 1517 2312 1580 multo
2381 1517 2698 1602 longiores
2744 1522 2891 1580 sunt

443 1629 694 1713 circuli,
759 1652 916 1717 quos
987 1632 1368 1697 describunt.
1460 1632 1642 1696 Haec
1690 1653 1804 1717 pro
1849 1633 2094 1697 ratione
2143 1632 2480 1696 distantiae
2526 1653 2891 1698 accrescens

443 1748 734 1812 celeritas
778 1755 994 1814 tamen
1040 1771 1168 1814 non
1215 1772 1292 1815 ea
1339 1756 1473 1832 est,
1521 1772 1710 1835 quam
1748 1751 2156 1815 Democritus
2185 1751 2326 1815 vult
2344 1752 2361 1815 ἐ
2412 1752 2604 1816 etiam
2635 1757 2892 1836 praeter

441 1864 604 1929 hanc
656 1868 971 1932 rationem
1017 1868 1312 1932 celeritas
1361 1867 1638 1932 siderum
1684 1869 1994 1933 minuitur
2042 1874 2278 1955 quanto
2323 1869 2527 1952 magis
2575 1874 2722 1932 sunt
2766 1874 2891 1932 ter-

441 2005 576 2047 ram
640 1991 936 2070 propter,
1002 1985 1094 2049 ita
1153 1992 1225 2050 ut
1300 2007 1425 2049 non
1489 1985 1714 2050 eodem
1782 1993 2069 2071 tempore
2125 1985 2462 2049 circuitum
2510 1986 2887 2068 conficiant,

442 2101 553 2166 sed
596 2103 739 2187 plus
785 2103 1096 2188 temporis
1140 2103 1516 2188 impendant
1561 2124 1672 2186 ea,
1720 2125 1884 2189 quae
1929 2103 2227 2188 propiora
2256 2103 2401 2166 sint.
2462 2103 2641 2178 Quae
2672 2108 2888 2168 autem

442 2237 632 2282 causa
691 2219 774 2282 sit
835 2218 1027 2282 huius
1071 2219 1498 2304 phaenomeni
1544 2241 1671 2283 non
1718 2225 2144 2298 memoratur:
2215 2240 2363 2282 nam
2408 2218 2577 2305 quod
2622 2219 2886 2301 dicitur,

447 2335 774 2417 „imminui
818 2342 1035 2421 supter
1079 2337 1274 2400 viris”
1303 2387 1319 2419 ,
1365 2336 1432 2399 id
1486 2335 1647 2400 nihil
1694 2337 1994 2421 explicat.
2044 2374 2125 2382 —-
2172 2335 2344 2419 Ergo
2377 2356 2523 2399 cum
2554 2335 2646 2398 sol
2676 2337 2887 2400 minus

441 2451 732 2515 celeriter
795 2451 1303 2516 circumducatur
1341 2462 1560 2538 'quam
1627 2452 1837 2516 sidera
1901 2452 2063 2534 fixa,
2132 2451 2572 2535 retrogradum
2642 2456 2885 2514 motum

437 2567 674 2634 habere
741 2569 1018 2634 videtur.
1115 2570 1352 2634 Stellae
1421 2591 1638 2633 omnes
1706 2570 2078 2652 (secundum
2123 2569 2583 2650 Democritum)
2630 2569 2710 2632 ab
2742 2574 2885 2632 ortu

437 2686 506 2751 in
572 2709 864 2752 occasum
933 2688 1222 2753 feruntur
1250 2690 1341 2772 ¹):
1406 2709 1557 2772 ergo
1619 2689 1711 2752 sol
1771 2709 1885 2773 per
1930 2687 2263 2752 duodecim
2308 2688 2489 2771 signa
2532 2687 2613 2751 ab
2660 2708 2885 2751 occasu

436 2804 506 2868 in
552 2806 860 2870 orientem
905 2806 1055 2870 ferri
1085 2806 1424 2897 videbitur.
1515 2806 1684 2871 Nam
1712 2806 1812 2869 fac
1844 2805 2041 2869 solem
2071 2825 2209 2869 esse
2233 2806 2299 2867 in
2332 2805 2603 2888 Cancro,
2641 2805 2707 2867 id
2742 2811 2838 2869 est
2867 2854 2885 2889 ,

439 2922 715 3007 positum
761 2944 898 2987 esse
942 2924 1009 2986 in
1040 2924 1245 3006 linea,
1292 2944 1454 3009 quae
1487 2945 1524 2986 a
1549 2923 1777 2987 Cancri
1809 2923 2285 2987 constellatione
2318 2921 2399 2985 ad
2424 2928 2657 2985 terram
2692 2921 2886 2985 ducta
2960 2986 2964 2991 .

439 3040 702 3123 cogitari
745 3046 998 3127 potest:
1069 3042 1121 3105 si
1166 3062 1368 3127 aeque
1415 3042 1707 3106 celeriter
1753 3046 1945 3126 atque
1992 3046 2162 3104 astra
2205 3040 2335 3105 fixa
2382 3038 2884 3104 circumducere-

439 3162 585 3240 tur,
632 3164 774 3243 post
819 3178 1105 3221 mensem
1150 3158 1216 3221 in
1263 3156 1486 3221 eodem
1533 3158 1714 3241 signo
1759 3157 2197 3221 inveniretur:
2247 3179 2391 3220 cum
2421 3163 2636 3220 tamen
2676 3157 2885 3221 minus

439 3274 731 3338 celeriter
796 3275 1319 3357 circumferatur,
1387 3280 1532 3359 post
1575 3295 1864 3338 mensem
1890 3324 1906 3357 ,
1971 3276 2146 3339 coelo
2192 3274 2271 3337 ab
2320 3274 2563 3338 oriente
2609 3275 2677 3337 in
2724 3275 2883 3338 occi-

440 3390 695 3461 dentem
741 3412 806 3456 se
854 3392 1151 3455 volvente
1179 3441 1195 3474 ,
1243 3392 1334 3455 sol
1381 3413 1512 3454 non
1558 3393 1831 3477 amplius
1876 3393 1942 3455 in
1990 3413 2215 3456 cancro
2263 3392 2426 3475 erit,
2474 3391 2586 3455 sed
2622 3392 2883 3456 relictus

439 3528 576 3571 esse
642 3508 962 3573 videbitur
1008 3514 1073 3572 et
1117 3510 1184 3572 in
1228 3510 1366 3574 loco
1411 3510 1614 3593 magis
1661 3511 1973 3575 orientem
2018 3530 2281 3591 versuS,
2351 3510 2418 3573 in
2464 3511 2724 3591 Leone,
2787 3510 2881 3573 in-

440 3624 709 3688 venitur.
817 3625 998 3689 Idem
1067 3625 1367 3710 deinceps
1435 3626 1849 3711 sequentibus
1893 3626 2214 3689 mensibus
2259 3625 2403 3708 fiet,
2464 3626 2677 3711 itaque
2736 3632 2882 3711 post

438 3761 674 3805 annum
727 3741 1057 3806 duodecim
1087 3743 1199 3806 illa
1231 3744 1413 3826 signa
1444 3744 1522 3806 ab
1556 3765 1782 3807 occasu
1813 3743 1892 3807 ad
1922 3749 2130 3807 ortum
2161 3742 2545 3827 percurrisse
2580 3742 2673 3805 sol
2702 3742 2878 3805 vide-

436 3856 625 3921 bitur.
716 3859 960 3924 Eadem
1006 3860 1168 3923 ratio
1216 3867 1311 3924 est
1356 3860 1546 3925 lunae
1592 3867 1821 3924 motus.
1872 3898 1952 3905 —
1999 3860 2241 3923 Dubito
2289 3880 2442 3923 num
2471 3859 2609 3943 ipse
2642 3860 2879 3923 Lucre-

437 3973 561 4038 tius
605 3974 769 4040 hanc
820 3976 1208 4058 „Democriti
1255 3982 1540 4040 sanctam
1585 3977 1707 4040 viri
1755 3977 2180 4039 sententiam”
2230 3975 2649 4061 perspexerit.
2710 3975 2879 4039 Nam

438 4092 712 4177 primum
778 4086 890 4157 vs.'
942 4096 1237 4157 614-17
1300 4094 1562 4158 minime
1610 4100 1758 4157 sunt
1805 4093 2066 4157 dilucidi
2114 4099 2178 4157 et
2222 4095 2520 4159 accurati.
2610 4092 2880 4158 Etiamsi

436 4350 546 4399 pag.
601 4339 710 4386 801.
757 4340 858 4387 not.
895 4340 951 4397 3,
995 4354 1094 4387 non
1127 4337 1314 4397 laudat)
1352 4337 1622 4387 Democriti
1656 4337 1951 4387 sententiam
1984 4336 2153 4386 affert:
2204 4340 2365 4397 „eluat
2401 4338 2497 4397 τὴν
2530 4337 2621 4400 μὲν
2655 4335 2881 4397 σελήνην

436 4432 573 4482 κάτω
593 4473 604 4489 ,
639 4433 813 4483 ἔπειτα
850 4438 940 4485 τὸν
973 4434 1154 4496 ἥλιον,
1193 4437 1300 4483 εἶτα
1336 4435 1453 4491 τούς
1478 4435 1728 4489 ἀπλανεῖς
1753 4433 1975 4497 ἀστέρας
2001 4449 2011 4460 ·
2038 4434 2155 4490 τοὺς
2180 4432 2227 4481 δὲ
2254 4433 2530 4491 πλανῆτας
2558 4431 2660 4482 οὐδ’
2690 4434 2880 4492 αὐτοὺς

435 4526 570 4591 ἔχειν
600 4530 714 4578 ἴσον
747 4527 927 4592 ὕψος-Ρ
999 4528 1083 4578 Sic
1117 4528 1269 4578 etiam
1303 4527 1582 4577 Lucretius.
1651 4526 1855 4592 Reliqui
1886 4524 1983 4575 loci
2015 4542 2078 4575 ex
2110 4542 2169 4577 eo
2200 4526 2547 4590 explicantur:
2586 4527 2651 4576 D.
2684 4527 2743 4576 L.
2780 4527 2877 4577 IX.

439 4621 499 4670 33
537 4619 856 4686 (Leucippi),
889 4620 1024 4671 Plut.
1059 4620 1186 4685 plac.
1223 4622 1283 4672 ΙΙ
1301 4660 1313 4683 ,
1352 4625 1409 4672 16
1426 4658 1441 4684 ,
1477 4624 1534 4683 3,
1568 4624 1658 4671 eto.
1693 4621 1826 4684 apud
1858 4619 2119 4670 Zellerum.

503 4713 542 4781 ¹)
609 4714 742 4765 Plut.
778 4714 908 4781 plac.
945 4715 1020 4766 ΙΙ.
1057 4731 1162 4781 cap.
1202 4719 1277 4765 16.
