3529 5359
1778 383 1861 445 52

591 580 995 665 invenimuS,
1065 581 1234 668 quod
1300 579 1427 646 huc
1491 582 1897 647 referendum
1945 583 2045 648 sit.
2135 584 2444 650 Attamen
2504 607 2632 650 non
2680 586 3044 652 dubitamus

590 699 746 786 quin
801 705 994 786 poeta
1035 698 1140 763 hic
1184 720 1435 786 quoque
1482 700 1921 765 tantummodo
1967 702 2426 788 interpretetur
2472 703 2792 768 Graecum
2836 704 3043 790 philo-

590 817 879 904 sophum.
991 817 1400 882 Democritus
1489 819 1844 898 affirmabat
1918 840 2137 884 omnes
2210 841 2313 884 res
2385 821 2620 885 mentis
2693 822 3039 908 participes

589 956 726 1000 esse
766 934 806 1018 ¹)
877 935 1023 1017 vel,
1087 941 1160 998 ut
1227 935 1630 1020 Augustinus
1697 937 1932 1019 refert,
1979 937 2186 1002 inesse
2233 939 2631 1002 concursioni
2686 945 3039 1004 atomorum

587 1055 718 1119 vim
794 1053 1133 1139 quamdam
1207 1054 1549 1118 animalem
1619 1061 1685 1119 et
1754 1056 2106 1141 spiritalem
2139 1055 2202 1138 2).
2312 1056 2475 1121 Cum
2544 1058 2715 1121 enim
2760 1064 3039 1122 mentem

590 1171 761 1236 idem
808 1193 945 1236 esse
992 1177 1182 1257 atque
1229 1173 1506 1236 animam
1553 1172 1758 1255 dicat,
1808 1183 1871 1236 et
1924 1173 2202 1237 animam
2249 1173 2419 1237 idem
2450 1178 2643 1260 atque
2676 1174 2943 1239 calidam
2974 1180 3040 1239 et

587 1290 922 1353 ardentem
967 1289 1335 1371 materiem,
1382 1289 1449 1352 in
1495 1289 1789 1353 omnibus
1833 1289 2025 1353 rebus
2071 1295 2165 1353 tot
2210 1297 2427 1375 partes
2473 1292 2707 1355 mentis
2749 1298 2814 1356 et
2845 1293 3039 1356 animi

587 1406 796 1470 inesse
867 1411 1096 1491 putare
1144 1405 1374 1487 debet,
1444 1412 1599 1490 quot
1643 1405 1816 1469 vitae
1864 1412 1928 1470 et
1974 1407 2196 1471 caloris
2242 1408 2477 1472 insunt.
2570 1408 2741 1472 Huic
2787 1416 3037 1492 autem,

587 1521 934 1585 secundum
1002 1521 1483 1605 Augustinum,
1554 1522 1869 1607 Epicurus
1912 1543 2193 1608 pugnam
2238 1530 2489 1607 movet,
2546 1526 2655 1610 qui
2700 1524 2861 1588 nihil
2909 1546 3036 1589 om-

569 1625 737 1703 'nino
803 1640 872 1703 in
938 1639 1268 1724 principiis
1337 1660 1550 1702 rerum
1617 1639 1799 1724 ponit
1850 1647 2105 1725 praeter
2158 1647 2422 1705 atomos.
2516 1641 2685 1706 Eum
2733 1642 3038 1707 adversus

585 1756 755 1821 hunc
817 1763 884 1821 et
943 1757 1100 1821 alios
1145 1756 1316 1820 idem
1363 1758 1710 1820 sentientes
1754 1757 2163 1843 philosophos
2208 1758 2326 1822 hoc
2371 1758 2543 1822 idem
2591 1765 3037 1843 argumentum

584 1873 956 1959 protulisse,
1019 1873 1187 1958 quod
1247 1873 1433 1938 affert
1494 1873 1867 1955 LucretiuS,
1915 1874 2221 1937 nonnulla
2266 1874 2567 1939 animalia
2614 1895 2698 1938 ex
2742 1875 2899 1960 ipsis
2941 1895 3039 1939 re-

584 1991 704 2054 bus
768 1991 1101 2073 inanimis,
1170 1992 1346 2055 velut
1414 2011 1664 2055 vermes
1734 2013 1819 2054 ex
1863 1992 2094 2056 tellure
2138 1991 2408 2056 humida
2453 1992 2559 2056 vel
2606 1999 2884 2056 stercore
2930 2014 3041 2077 pu-

586 2107 750 2172 trido
811 2109 1023 2192 gigni,
1091 2107 1212 2172 hoc
1279 2108 1461 2171 nobis
1528 2108 1915 2194 persuadet,
1985 2109 2154 2194 quod
2220 2109 2637 2192 Aristotelea,
2702 2131 2891 2195 quem
2958 2109 3037 2173 ab

587 2225 865 2311 Epicuro
910 2226 1146 2289 lectum
1192 2245 1330 2289 esse
1377 2226 1631 2289 aliunde
1678 2232 1961 2308 constat,
2007 2227 2179 2290 idem
2223 2226 2438 2291 refert.
2529 2227 2607 2290 In
2637 2228 2845 2312 primo
2877 2227 3039 2292 libro

587 2342 667 2406 de
713 2363 856 2426 gen.
905 2343 1158 2406 animal.
1208 2365 1269 2428 p.
1321 2345 1488 2425 715,
1558 2341 1634 2419 b,
1704 2345 1786 2424 4,
1852 2342 2134 2428 loquitur
2180 2343 2258 2406 de
2305 2344 2684 2408 animalibus
2708 2394 2727 2426 ,
2792 2348 2910 2411 ὅσα
2954 2347 3039 2428 μὴ

587 2463 650 2527 ἐκ
715 2460 898 2547 ζῴων
957 2460 1106 2526 ἀλλ’
1153 2463 1216 2525 ἐκ
1263 2464 1618 2542 σηπομένης·
1663 2470 1775 2539 τῆς
1818 2459 1979 2538 ὕλης
2024 2467 2372 2525 naseuntur
2417 2467 2482 2525 et
2527 2461 2595 2524 in
2640 2461 2802 2526 libro
2850 2461 3039 2526 tertio

585 2598 648 2661 p.
719 2580 883 2660 761,
959 2599 1038 2659 a,
1112 2581 1424 2640 memorat
1491 2576 1831 2658 animalia,
1909 2597 2071 2661 quae
2133 2578 2247 2643 οὐκ
2317 2577 2443 2643 ἀπὸ
2514 2582 2870 2664 σπέρματος
2926 2577 3040 2640 sed

587 2696 900 2777 αὐτόματα
974 2696 1281 2759 oriuntur.
1370 2695 1448 2757 In
1522 2695 1683 2758 libro
1756 2694 1961 2779 primo
2029 2693 2107 2757 de
2178 2695 2369 2758 anim.
2438 2718 2501 2781 p.
2574 2698 2742 2776 409,
2789 2694 2866 2778 b,
2934 2697 3037 2758 23.

585 2811 966 2875 Aristoteles
1035 2811 1188 2875 dicit
1247 2810 1519 2877 λείπεται
1589 2809 1643 2880 δ’
1675 2813 2124 2895 ἐπισκέψασθαι
2185 2817 2324 2887 πῶς
2390 2812 2636 2899 λέγεται
2686 2814 2759 2877 τὸ
2806 2816 2869 2878 ἐκ
2911 2816 3041 2878 τῶν

588 2934 922 3015 στοιχείων
949 2931 1145 3006 αὐτὴν
1176 2929 1616 3015 (ψυχὴν)εἷναι.
1683 2928 1783 2991 De
1809 2928 1887 2993 iis
1910 2934 2126 2992 autem
2171 2930 2362 3014 paulo
2408 2934 2551 3014 post
2598 2930 2722 2993 ait:
2770 2934 3043 2995 τίθενται

585 3049 711 3134 γὰρ
779 3048 1114 3135 γνωρίζειν
1181 3053 1268 3133 τῷ
1333 3051 1528 3132 ὁμοίῳ
1595 3048 1667 3111 τὸ
1730 3050 1990 3128 ὅμοιον,
2061 3048 2267 3132 ὥσπερ
2316 3047 2395 3112 ἂν
2440 3050 2489 3112 εἰ
2534 3049 2649 3123 τὴν
2695 3048 2914 3132 ψυχὴν
2958 3047 3036 3111 τὰ

583 3168 920 3250 πράγματα
966 3168 1281 3246 τιθέντες,
1328 3163 1706 3248 quibuscum
1753 3163 1807 3225 si
1854 3163 2283 3247 composueris
2326 3184 2420 3226 vs·
2473 3165 2634 3245 915,
2682 3164 2765 3225 23
2818 3161 3037 3243 „vitali

584 3288 656 3346 ut
721 3283 965 3369 possint
1033 3302 1066 3345 c
1085 3282 1433 3345 onsentire
1502 3281 1784 3366 undique
1852 3302 2042 3345 sensu
2111 3281 2401 3363 (atomi),
2470 3280 2559 3344 sic
2604 3279 2827 3343 itidem
2873 3299 3037 3365 quae

585 3401 894 3464 sentimus
967 3400 1203 3464 sentire
1249 3419 1508 3463 necesse
1557 3399 1738 3481 est”,
1800 3398 2282 3462 similitudinem
2328 3398 2547 3462 adesse
2607 3377 2844 3482 negare
2907 3418 3037 3461 non

582 3518 837 3603 poteris.
930 3516 1044 3581 Vs.
1116 3518 1283 3598 919,
1353 3518 1436 3579 20
1511 3520 1612 3597 „at
1679 3521 1866 3579 coetu
1912 3516 2304 3602 concilioque
2351 3516 2443 3578 nil
2499 3514 2737 3579 facient
2781 3518 3037 3600 praeter

583 3636 844 3720 volgum
910 3635 1288 3720 turbamque
1353 3634 1795 3699 animantum”
1865 3633 1997 3698 fere
2061 3634 2142 3698 ad
2186 3633 2453 3698 verbum
2501 3633 2846 3697 concinunt
2890 3652 3035 3696 cum

582 3776 642 3840 p.
692 3756 861 3835 410,
907 3776 982 3835 a,
1035 3754 1148 3815 18:
1221 3752 1258 3828 ἢ
1313 3756 1627 3837 φῆσουσιυ
1675 3755 1936 3817 ἑκάστου
1981 3756 2211 3837 γένους
2256 3752 2407 3817 εἶναι
2455 3759 2737 3837 στοιχεῖα
2783 3755 2879 3817 καὶ
2926 3749 3035 3835 ἆρ-

583 3872 711 3957 χᾶς
770 3868 968 3947 ἰδίας,
1038 3867 1105 3943 ἐξ
1171 3870 1260 3934 ὧν
1326 3870 1440 3945 τὴν
1511 3870 1726 3955 φυχὴν
1796 3870 2204 3951 συνεστάναι;
2265 3866 2433 3933 ’ἔσται
2496 3867 2618 3953 ἄρα
2680 3866 2889 3933 ποσὸν
2936 3868 3034 3931 καὶ

581 3989 769 4055 ποιὸν
867 3992 964 4052 καὶ
1041 3988 1226 4052 οὐσία
1275 4007 1289 4022 ·
1365 3984 1542 4052 ἀλλ’
1639 3983 2055 4052 &Saum-ov
2150 3989 2227 4051 ἐκ
2316 3990 2473 4051 τῶν
2552 3991 2693 4050 τοῦ
2770 3988 3033 4049 ποσοῦ

582 4109 1027 4191 στοιχείων
1089 4106 1388 4170 οὐσίαν
1448 4103 1649 4169 εἶναι
1696 4108 1824 4169 καὶ
1870 4105 1970 4186 μὴ
2015 4106 2301 4169 ποσόν.
2392 4102 2733 4167 Lucretius
2776 4122 2869 4165 vs.
2907 4100 3033 4163 892

649 4424 686 4490 ²)
757 4423 890 4473 Plut.
924 4423 1050 4487 plac.
1088 4423 1178 4473 IV.
1215 4439 1319 4487 cap.
1356 4428 1414 4485 4,
1451 4428 1496 4474 4.
1563 4423 1618 4475 ‘O
1652 4424 1701 4475 δὲ
1735 4424 2051 4489 Δημόκριτος
2088 4426 2265 4476 πάντα
2296 4425 2519 4489 μετέχειν
2542 4424 2661 4488 φησὶ
2683 4420 2854 4486 ψυχῆς
2880 4420 3034 4477 ποιᾶς

580 4521 664 4568 καὶ
698 4521 762 4569 τὰ
791 4522 947 4582 νεκρὰ
983 4524 1086 4568 τῶν
1119 4522 1389 4581 σωμάτων,
1425 4518 1553 4570 διότι
1588 4521 1664 4569 ἀεὶ
1699 4519 1954 4585 διαφανῶς
1989 4540 2127 4579 τινος
2160 4523 2345 4586 θερμοῦ
2370 4522 2454 4571 καὶ
2476 4518 2778 4579 αἰσθητικοῦ
2803 4514 3033 4581 μετέχει,

580 4617 672 4665 τοῦ
706 4615 946 4672 πλείονος
979 4612 1360 4679 διαπνεομένου.

643 4708 680 4769 2)
747 4688 960 4773 Aukust.
995 4708 1152 4772 Epist.
1189 4708 1323 4759 Lv1.
1356 4724 1469 4773 pag.
1507 4710 1616 4762 273.
