3529 5359
1912 343 2036 406 128

748 565 884 608 esse
929 550 1174 630 potest,
1233 543 1340 630 qui
1387 543 1480 607 ita
1522 563 1659 607 rem
1706 543 2023 629 exposuit.
2113 544 2275 626 Via,
2324 566 2515 630 quam
2560 547 2653 610 sol
2698 546 2765 610 in
2800 548 2977 611 coelo
3014 554 3181 632 quot-

750 662 933 726 annis
1013 682 1383 748 percurrere
1442 660 1695 725 videtur
1721 711 1737 744 ,
1832 662 1911 727 ab
1981 662 2257 748 antiquis
2322 665 2699 728 astronomis
2765 665 2893 728 iam
2962 665 3182 729 indica-

749 780 938 844 batur
998 779 1331 845 duodecim
1389 779 1980 844 constellationibus
2046 781 2179 843 sive
2227 781 2557 844 stellarum
2603 783 2878 847 catervis
2904 832 2920 865 ,
2968 784 3181 870 quibus

750 897 1098 982 figurarum
1169 895 1563 982 quarundam
1631 896 2115 960 similitudinem
2184 896 2551 961 tribuebant
2596 904 2661 962 et
2707 920 2864 984 quas
2908 897 3072 964 hanc
3114 900 3181 964 ob

751 1035 888 1078 rem
932 1012 1278 1077 vocabant:
1325 1012 1617 1077 Arietem
1644 1062 1660 1095 ,
1708 1013 2034 1095 Taurum,
2084 1013 2386 1078 Geminos
2412 1064 2428 1096 ,
2478 1014 2829 1099 Cancrum,
2876 1017 3180 1100 Leonem,

753 1130 1093 1215 Virginem
1118 1179 1134 1212 ,
1223 1129 1486 1193 Libram
1510 1179 1526 1212 ,
1619 1129 2071 1214 Scorpionem,
2166 1129 2623 1214 Sagittarium,
2701 1132 3180 1218 Capricornum,

752 1247 1149 1333 Aquarium,
1206 1247 1442 1310 PisceS.
1505 1245 1623 1310 Est
1669 1246 1821 1310 ordo
1867 1247 1946 1310 ab
1981 1267 2205 1311 occasu
2235 1247 2303 1310 in
2334 1254 2561 1312 ortum.
2626 1249 2940 1344 Quoniam
2972 1250 3181 1314 horum

753 1365 1082 1429 nominum
1126 1365 1411 1428 maxima
1454 1386 1601 1450 pars
1647 1365 1972 1429 animalia.
1992 1365 2232 1428 indicat
2260 1415 2276 1448 ,
2323 1365 2645 1430 zodiacum
2698 1367 3004 1432 circulum
3034 1367 3180 1432 hanc

753 1483 900 1547 solis
931 1503 1207 1547 annuam
1235 1482 1406 1545 viam
1437 1481 1867 1567 appellabant.
1917 1481 2403 1546 Anaximander
2436 1482 2473 1565 ¹)
2521 1484 2620 1557 (ab
2652 1483 2793 1547 aliis
2826 1490 3040 1548 autem
3071 1485 3181 1570 Py-

754 1599 1078 1682 thagoras)
1106 1598 1156 1680 ²)
1189 1597 1419 1662 dicitur
1448 1598 1689 1682 primus
1713 1595 1902 1660 huius
1926 1597 2165 1662 zodiaci
2190 1598 2408 1661 circuli
2436 1598 2873 1684 obliquitatem
2897 1600 2980 1664 ad
3004 1601 3182 1664 circu-

753 1717 888 1780 lum
931 1715 1458 1802 aequinoctialem
1488 1715 1873 1780 observasse.
1907 1716 2035 1780 Per
2058 1716 2216 1780 haec
2242 1717 2451 1800 signa,
2495 1738 2655 1802 quae
2679 1719 3181 1800 memoravimus,

755 1833 999 1919 autiqui
1046 1833 1193 1897 solis
1231 1838 1439 1896 locum
1487 1833 1554 1896 in
1601 1832 1775 1897 caelo
1818 1832 2079 1896 definire
2120 1838 2485 1917 coeperunt.
2555 1833 2688 1897 Nos
2728 1834 2917 1898 hodie
2950 1837 3061 1898 210
3094 1835 3182 1897 die

753 1952 989 2015 mensis
1012 1951 1181 2015 Iunii
1207 1951 1406 2014 solem
1427 1951 1495 2014 in
1520 1950 1810 2014 Geminis
1840 1949 2155 2032 videmus,
2204 1953 2316 2013 220
2346 1951 2447 2014 die
2472 1950 2850 2015 Decembris
2881 1952 2949 2015 in
2992 1951 3184 2036 Sagit-

755 2071 916 2134 tario
950 2093 966 2153 ;
1011 2069 1362 2134 Democriti
1411 2074 1627 2132 tamen
1673 2073 1960 2153 tempore
2008 2071 2119 2132 21⁰
2168 2069 2269 2132 die
2316 2069 2496 2133 Junii
2528 2070 2619 2133 sol
2651 2070 2717 2132 in
2750 2068 2996 2133 Cancro
3026 2069 3185 2134 vide-

754 2187 972 2268 batur,
1035 2189 1147 2250 21⁰
1220 2185 1321 2249 die
1384 2185 1758 2249 Decembris
1803 2191 2017 2250 autem
2061 2186 2128 2248 in
2175 2185 2557 2272 Capricorno
2582 2236 2598 2269 ,
2668 2188 2779 2250 200
2828 2187 2930 2250 die
2977 2186 3186 2259 Martis

753 2305 822 2368 in
883 2304 1109 2369 Ariete
1139 2353 1155 2386 ,
1226 2306 1338 2367 230
1404 2302 1798 2388 Septembris
1867 2303 1932 2365 in
1987 2302 2222 2386 Libra,
2284 2324 2447 2388 quae
2495 2303 2617 2367 duo
2661 2309 2980 2389 postrema
3022 2305 3187 2388 signa

750 2423 921 2487 inter
985 2441 1054 2485 se
1118 2420 1410 2505 opposita
1477 2420 1545 2483 in
1598 2420 1678 2483 iis
1722 2420 1973 2506 punctis
2019 2419 2352 2500 iacebant,
2414 2420 2522 2483 ubi
2572 2420 2846 2484 circulus
2891 2420 3186 2485 Zodiacus

755 2539 1060 2603 circulum
1105 2536 1638 2623 aequinoctialem
1688 2542 1901 2600 secat:
1951 2535 2177 2600 Cancri
2208 2537 2460 2620 signum
2492 2537 2688 2621 igitur
2718 2537 3184 2620 inveniebatur,

751 2655 865 2721 ubi
933 2653 1252 2719 Zodiacus
1312 2652 1594 2717 maximo
1660 2652 1997 2717 intervallo
2050 2653 2548 2738 septentrionem
2614 2675 2835 2718 versus
2883 2675 2923 2718 a
2966 2654 3186 2719 circulo

753 2771 1203 2859 aequinoctiali
1267 2770 1581 2853 distabat3
1645 2770 2067 2855 Capricornus
2124 2770 2235 2834 ubi
2279 2771 2559 2835 maxime
2604 2771 2937 2836 meridiem
2982 2793 3187 2836 versus

753 2889 1064 2955 Zodiacus
1086 2886 1420 2971 vergebat.
1469 2886 1772 2961 Quaestio
1798 2892 2012 2951 autem
2038 2936 2053 2969 ,
2082 2908 2273 2973 quam
2301 2888 2705 2953 Democritus
2737 2889 2984 2953 solvere
3017 2910 3187 2953 cona-

758 3012 864 3070 tur
889 3056 906 3089 ,
955 3010 1050 3069 est
1093 3004 1290 3068 haec:
1340 3005 1448 3089 qui
1493 3003 1605 3085 fit,
1652 3008 1725 3066 ut
1759 3003 1853 3067 sol
1896 3002 2045 3067 inde
2077 3024 2116 3067 a
2146 3006 2257 3068 20·
2291 3004 2392 3069 die
2423 3005 2689 3087 Martis,
2737 3006 2847 3069 ubi
2878 3005 2945 3069 in
2976 3006 3188 3069 Ariete

756 3128 895 3207 est,
941 3124 1007 3186 in
1053 3121 1294 3187 circulo
1341 3120 1837 3206 aequinoctiali,
1882 3142 2083 3207 usque
2129 3120 2211 3184 ad
2242 3124 2387 3184 21¹²¹¹²
2436 3121 2604 3185 diem
2634 3123 2842 3205 Iunii,
2888 3144 3005 3208 per
3035 3122 3191 3186 Tau·

753 3263 896 3307 rum
943 3247 1008 3305 et
1056 3239 1405 3321 Geminos,
1465 3237 1809 3303 adscendat
1855 3238 1937 3302 ad
1982 3238 2329 3320 Cancrum,
2379 3238 2647 3321 deinde,
2695 3260 2895 3323 usque
2941 3238 3021 3303 ad
3052 3241 3191 3302 23²¹*

761 3359 930 3423 diem
1001 3356 1428 3442 SeptembriS,
1494 3356 1837 3420 descendat
1895 3376 2010 3441 per
2054 3356 2338 3420 Leonem
2384 3361 2448 3419 et
2492 3355 2829 3440 Virginem
2874 3377 3073 3441 usque
3118 3354 3193 3419 ad

757 3477 1060 3557 Libram,
1118 3476 1183 3537 in
1247 3474 1481 3538 circulo
1543 3474 1993 3560 aequinoctiali
2054 3474 2281 3555 sitam,
2351 3478 2489 3537 tum
2548 3495 2765 3537 rursus
2813 3473 3193 3537 descendens

758 3616 872 3681 per
918 3592 1328 3678 Scorpionem
1371 3597 1436 3655 et
1467 3592 1885 3676 Sagittarium
1918 3593 2029 3655 210
2065 3590 2165 3654 die
2194 3591 2567 3654 Decembris
2600 3591 2681 3654 ad
2711 3591 3191 3676 Capricornum,

756 3714 825 3777 in
888 3711 1164 3786 brumali
1229 3711 1404 3774 flexu
1451 3710 1676 3791 situm,
1743 3709 2002 3791 veniat,
2074 3707 2344 3794 denique
2392 3730 2609 3773 rursus
2652 3708 3040 3773 adscendens
3083 3730 3194 3794 per

759 3828 1114 3914 Aquarium
1161 3832 1226 3889 et
1268 3826 1489 3889 Pisces
1516 3874 1532 3907 ,
1580 3826 1691 3888 20⁰
1741 3824 1842 3889 die
1886 3824 2111 3889 Martis
2156 3846 2372 3888 rursus
2416 3824 2485 3887 in
2528 3823 2794 3907 Ariete,
2852 3824 2919 3887 in
2963 3829 3193 3909 puncto

767 3943 1216 4031 aequinoctiali
1271 3942 1712 4027 conspiciatur.
1803 3941 1947 4006 Hoc
1976 3941 2459 4028 phaenomenon
2487 3942 2579 4006 ita
2610 3942 2815 4006 solvit.
2888 3942 3101 4006 Medio
3130 3942 3195 4005 in

761 4062 998 4128 mundo
1066 4068 1239 4135 terra
1303 4060 1609 4146 quiescit3
1671 4059 1750 4123 ab
1822 4081 1898 4124 ea
1943 4060 2177 4124 distant
2224 4060 2520 4145 deinceps
2564 4061 2766 4126 auctis
2810 4061 3192 4143 intervallis,

759 4179 954 4263 luna,
1022 4179 1153 4262 sol,
1221 4178 1352 4241 fixa
1395 4176 1606 4241 sidera
1629 4226 1646 4261 ,
1714 4177 1928 4263 qualia
1992 4183 2141 4241 sunt
2207 4177 2463 4242 Zodiaci
2488 4174 2553 4261 3).
2644 4177 2805 4242 Cum
2850 4184 3066 4242 autem
3105 4184 3195 4241 to-

829 4502 868 4568 ¹)
936 4501 1066 4551 Plin.
1102 4500 1237 4551 Hist.
1271 4505 1374 4551 nat.
1411 4501 1486 4551 11.
1523 4504 1552 4553 8
1575 4538 1588 4563 ,
1625 4505 1704 4553 31.

827 4595 870 4658 ²)
940 4594 1073 4645 Plut.
1105 4594 1232 4659 plac.
1270 4594 1344 4645 11.
1384 4598 1458 4644 12.

827 4690 864 4751 ³)
931 4688 1313 4741 Accuratissime
1368 4683 1828 4754 Pseudo-Origenes
1878 4690 1933 4738 in
1982 4687 2445 4752 Philosophumenis
2483 4688 2649 4752 (quem
2681 4687 2845 4738 locum
2880 4688 3104 4739 Zellerus
3139 4688 3167 4738 1
3188 4724 3203 4749 ,
