3529 5359
1604 393 1775 470 ‚97

493 591 759 656 tinctam
826 598 1076 656 tantum
1135 593 1481 676 imaginem
1528 614 1911 678 cognoscere
1959 595 2063 658 vel
2108 595 2437 681 percipere
2484 617 2759 682 possum.
2850 595 2943 662 At

495 729 640 772 cum
705 707 870 772 hanc
932 731 1124 772 unam
1185 710 1531 793 imaginem
1596 709 1827 792 vide0,
1896 716 2160 796 possunt
2228 711 2441 797 plures
2507 712 2575 775 in
2644 733 2721 776 ea
2775 712 2941 777 ines-

495 846 606 908 se,
673 846 828 910 quas
881 826 1163 910 singulas
1213 827 1721 891 animadvertere
1790 849 1916 890 non
1971 849 2267 913 possum,
2338 828 2417 892 ob
2474 829 2741 893 eandem
2794 851 2941 894 cau-

495 964 629 1006 sam
654 993 670 1026 ,
717 965 844 1029 qua
885 948 1036 1019 τοὺς
1083 941 1181 1010 8ιᾶ
1223 944 1430 1030 λόγου
1476 949 1835 1030 θεωρητοὺς
1883 947 2167 1032 χρόνους
2213 945 2495 1030 Singulos
2522 968 2653 1010 non
2683 969 2939 1032 possum

495 1061 842 1146 percipere.
933 1060 1104 1145 Ergo
1173 1062 1225 1124 si
1287 1062 1355 1124 in
1414 1083 1634 1126 somno
1681 1063 2088 1126 simulacrum
2132 1063 2448 1148 quoddam
2492 1064 2560 1128 in
2605 1085 2941 1128 numerum

496 1198 564 1241 se
629 1199 886 1242 movere
953 1179 1178 1261 vide0,
1238 1179 1306 1242 id
1350 1200 1575 1244 revera
1617 1201 1746 1244 non
1795 1186 1891 1243 est
1934 1201 2133 1244 unum
2180 1163 2588 1245 simulacrum
2636 1181 2750 1246 sed
2794 1188 2941 1245 sunt

495 1297 712 1381 plura,
759 1317 920 1382 quae
967 1296 1086 1359 sibi
1131 1296 1410 1359 vicissim
1456 1296 1837 1379 succedunt,
1885 1317 2047 1382 quae
2095 1303 2313 1361 tamen
2360 1298 2613 1382 singula
2641 1321 2769 1363 non
2797 1320 2939 1386 pos-

497 1433 633 1475 sum
702 1412 1066 1497 percipere:
1136 1410 1364 1476 horum
1409 1413 1602 1477 celeri
1645 1420 1825 1477 motu
1871 1414 1942 1476 fit
1986 1420 2058 1476 ut
2104 1435 2304 1478 unum
2350 1416 2756 1480 simulacrum
2801 1437 2939 1501 ges-

495 1535 599 1593 tus
665 1535 912 1593 mutare
981 1529 1292 1593 videatur.
1340 1567 1422 1574 —
1469 1528 1743 1593 Omnino
1790 1537 2056 1616 apparet
2101 1531 2473 1596 Lucretium
2520 1532 2685 1596 hanc
2732 1534 2941 1618 operis

494 1653 742 1733 partem
786 1668 914 1709 non
959 1646 1340 1732 perfecisse:
1391 1647 1468 1711 de
1515 1648 2075 1734 anticipationibus
2121 1655 2186 1712 et
2234 1650 2311 1713 de
2359 1651 2555 1714 animi
2601 1651 2940 1716 iniectibus

495 1763 629 1828 sive
705 1763 1041 1849 ἐπιβολαῖς
1118 1764 1179 1827 ei
1248 1764 1585 1828 dicendum
1661 1772 1798 1828 erat
1822 1767 1879 1848 ¹).
1980 1766 2148 1830 Nam
2224 1767 2583 1852 προλήψεσι
2656 1768 2783 1831 illis
2857 1788 2943 1831 ex

494 1881 758 1967 Epicuri
824 1887 1038 1946 mente
1107 1882 1420 1967 explicari
1476 1888 1686 1968 potest
1738 1904 1971 1969 „quare
2017 1883 2185 1970 quod
2231 1884 2459 1970 cuique
2506 1885 2703 1948 libido
2749 1905 2940 1949 vene-

494 1998 618 2082 rit,
687 2000 1012 2084 extemplo
1078 2019 1260 2063 mens
1324 2000 1560 2084 cogitet
1630 2001 1767 2065 eius
1825 2001 1891 2065 id
1956 2002 2229 2086 ipsum”.
2318 2000 2375 2064 E
2443 2022 2535 2064 vs.
2596 2004 2707 2066 731
2766 2023 2937 2088 seqq.

494 2121 760 2200 apparet
825 2115 1199 2179 Lucretium
1259 2137 1517 2180 censere
1563 2116 1646 2181 ad
1687 2115 1809 2180 hoc
1856 2116 2257 2180 efficiendum
2302 2116 2654 2180 simulacris
2701 2118 2941 2181 extrin-

494 2252 675 2295 secus
718 2232 914 2296 illatis
959 2254 1118 2318 opus
1163 2254 1329 2316 esse,
1377 2256 1520 2298 cum
1567 2239 1784 2298 tamen
1830 2232 2146 2319 Epicurus
2194 2233 2416 2298 doceat
2458 2233 2526 2296 in
2573 2217 2784 2298 animo
2830 2255 2941 2298 no-

494 2355 623 2413 stro
689 2350 924 2415 multas
967 2350 1174 2414 inesse
1236 2351 1613 2434 καταλήψεις
1659 2351 1793 2415 sive
1840 2350 2435 2437 comprehensiones
2482 2371 2736 2434 earum,
2783 2373 2940 2437 quas

493 2472 683 2531 antea
729 2467 1019 2531 sensibus
1048 2468 1562 2553 perceperimus,
1607 2488 1860 2549 rerum,
1893 2487 2055 2553 quae
2086 2467 2451 2530 meminisse
2485 2468 2727 2530 volenti
2755 2468 2939 2532 facile

493 2603 562 2646 se
608 2583 834 2647 sistant
864 2586 933 2660 2).
1025 2583 1214 2647 Hanc
1261 2582 1340 2646 ob
1386 2603 1522 2647 rem
1567 2583 1922 2671 προλήψεις
1967 2583 2319 2648 nominavit
2350 2583 2694 2660 καθολικὴν
2712 2586 2940 2660 νόησιν

493 2705 1009 2785 ἐναποκειμένην,
1055 2722 1172 2787 per
1217 2724 1406 2788 quam
1453 2723 1672 2767 omnes
1716 2704 2157 2789 perceptiones
2185 2723 2553 2788 comparare
2583 2723 2932 2788 possumus.

495 2819 680 2895 Quod
753 2842 898 2885 cum
972 2821 1066 2885 ita
1132 2821 1242 2903 sit,
1319 2821 1513 2884 etiam
1582 2821 1893 2906 explicari
1960 2827 2170 2907 potest
2231 2842 2344 2885 cur
2401 2841 2712 2907 nusquam
2766 2819 2943 2885 aliud

494 2937 773 3021 cogitare
838 2939 1154 3023 possimus
1225 2958 1414 3022 quam
1481 2937 1583 3021 id,
1654 2938 1826 3024 quod
1869 2944 2058 3002 antea
2104 2938 2453 3002 viderimus
2475 2988 2491 3021 ,
2555 2939 2735 3003 cuius
2779 2939 2939 3003 anti-

494 3055 875 3141 cipationem
945 3076 1096 3139 ergo
1156 3054 1547 3138 habeamus,
1619 3061 1730 3119 aut
1800 3076 1916 3138 ca,
1986 3075 2149 3140 quae
2218 3076 2253 3119 e
2314 3054 2758 3119 coniunctione
2803 3055 2941 3141 plu-

493 3172 658 3237 rium
681 3174 1209 3259 anticipationum
1248 3173 1517 3237 formata
1556 3172 1699 3236 sint.
1747 3173 1849 3237 Re
1874 3193 2027 3236 vera
2050 3178 2189 3236 tum
2215 3194 2431 3236 rursus
2456 3173 2678 3259 quaeri
2699 3178 2941 3260 potest,

495 3310 606 3354 cur
673 3290 799 3355 alia
859 3290 1161 3375 cogitatio
1229 3291 1442 3375 potius
1499 3291 1740 3355 oriatur
1793 3310 1983 3376 quam
2028 3290 2186 3355 alia:
2264 3290 2377 3354 sed
2419 3290 2580 3355 haec
2626 3292 2940 3377 quaestiO,

495 3408 615 3473 etsi
673 3429 790 3493 per
850 3408 1200 3471 doctrinam
1259 3407 1742 3473 consociationis
1802 3407 2124 3491 idearum,
2171 3428 2333 3494 quae
2396 3407 2671 3491 dicitur,
2707 3409 2940 3494 partim

495 3525 801 3609 solvitur,
868 3531 1086 3591 tamen
1153 3526 1408 3589 omnino
1452 3524 1660 3590 adhuc
1703 3524 2063 3589 insolubilis
2108 3531 2223 3589 est.
2312 3525 2437 3590 Illa
2482 3531 2699 3589 autem
2742 3525 2941 3589 animi

495 3643 816 3708 contentio
838 3692 855 3725 ,
923 3664 1050 3729 qua
1093 3642 1174 3706 ad
1219 3643 1412 3706 aliam
1457 3643 1938 3728 praenotionem
1982 3643 2196 3728 potius
2242 3664 2309 3707 se
2357 3642 2578 3728 dirigit
2623 3664 2813 3729 quam
2860 3643 2942 3708 ad

494 3762 682 3827 aliam
709 3812 725 3845 ,
787 3762 867 3826 ab
929 3761 1207 3847 Epicuro
1277 3759 1554 3846 ἐπιβολὴ
1615 3772 1726 3837 τῆς
1774 3760 2056 3837 διανοίας
2102 3762 2236 3826 sive
2282 3736 2477 3826 animi
2522 3762 2794 3826 intuitus
2838 3762 2942 3825 vel

491 3880 764 3946 iniectus
807 3886 1073 3944 vocatur
1103 3881 1148 3958 2)
1195 3901 1340 3943 611111
1384 3878 1705 3943 interdum
1751 3880 1930 3965 ipsae
1978 3880 2439 3963 cogitationes,
2487 3901 2647 3966 quas
2693 3880 2941 3943 animus

496 3998 805 4084 concipit,
856 3997 1080 4061 eodem
1125 3996 1381 4061 nomine
1429 3995 1885 4081 significentur.
1935 3997 2218 4070 Quarum
2262 3998 2331 4060 in
2376 4018 2642 4062 numero
2688 4017 2940 4084 quoque

559 4348 599 4403 ι)
665 4348 731 4398 V.
788 4350 880 4396 182
927 4348 1154 4408 „notities
1205 4348 1446 4399 hominum
1495 4345 1572 4395 dis
1605 4346 1736 4395 unde
1771 4348 1847 4395 est
1876 4344 2028 4394 insita
2058 4343 2274 4407 primum
2292 4345 2341 4406 ,''
2396 4344 2602 4396 fortasse
2635 4346 2827 4393 notities
2860 4343 2942 4393 hic

493 4448 728 4507 usurpata
760 4448 836 4493 est
867 4458 956 4505 pro
989 4442 1295 4507 προλήψεσι.

558 4540 595 4599 ²)
665 4539 846 4589 Modus
895 4550 994 4602 quo
1041 4537 1229 4587 utimur
1261 4535 1696 4599 anticipationibus
1729 4534 1959 4599 cognosci
1991 4539 2153 4599 potest
2185 4549 2247 4584 ex
2280 4534 2374 4585 hoc
2405 4534 2513 4585 Ioco
2547 4535 2611 4583 D.
2648 4534 2707 4584 L.
2740 4534 2809 4583 X.
2845 4536 2907 4583 33
2925 4569 2939 4595 ,

495 4633 583 4684 ubi
625 4638 888 4697 postquam
930 4631 1050 4698 quid
1091 4631 1193 4683 sint
1233 4629 1609 4693 anticipationes
1658 4630 1729 4681 sic
1777 4630 1971 4694 pergit:
2025 4632 2130 4696 ἅμα
2174 4632 2271 4695 γὰρ
2304 4632 2379 4696 τῷ
2410 4629 2633 4696 ῥηθῆναι
2664 4631 2941 4694 ἅνθρωπος

497 4730 646 4787 εὐθὺς
680 4731 813 4779 κατὰ
845 4726 1110 4792 πρόληψιν
1144 4729 1227 4777 καὶ
1259 4728 1286 4779 ὀ
1322 4726 1486 4787 τύπος
1519 4726 1681 4775 αὐτοῦ
1716 4730 1908 4776 νοεῖται
1953 4726 2347 4790 προηγουμένων
2380 4731 2484 4777 τῶν
2519 4724 2816 4785 αι’σθήσεων.

2558 4820 2591 4883 7
