3529 5359
1829 343 1913 406 72

649 545 887 631 pariter
952 546 1127 610 nasci
1193 550 1258 608 et
1325 565 1606 610 crescere
1677 551 1742 608 et
1810 564 2140 610 senescere
2206 543 2496 608 videmus
2555 543 2877 608 animum:
2934 563 3091 627 ergo

647 685 776 726 una
804 684 947 728 cum
977 683 1053 726 eo
1081 663 1302 726 interit
1335 669 1399 726 et
1431 661 1793 725 dissolvitur
1832 683 1985 743 ⁷‚ceu
2016 661 2227 724 fumus
2241 714 2253 744 ,
2286 661 2356 724 in
2386 662 2547 724 altas
2576 661 2741 726 aeris
2771 661 2996 725 auras”
3026 661 3088 743 ¹).

647 780 829 844 Idem
875 785 1318 864 argumentum
1364 778 1650 842 attulisse
1696 779 1852 842 alios
1896 778 2245 863 Epicureos
2307 783 2371 843 et
2417 778 2681 842 fortasse
2736 776 3093 862 Epicurum

647 898 856 985 ipsum
900 901 1165 982 apparet
1209 917 1246 959 e
1290 895 1459 960 Voll.
1507 895 1684 959 Herc
1728 894 1829 960 VI
1874 896 1992 960 col.
2045 898 2079 958 7
2126 896 2238 958 ubi
2274 895 2700 980 fragmentum
2729 895 3094 959 invenimus

649 1015 999 1080 Metrodori
1026 1013 1418 1078 hujusmodi:
1452 1017 1576 1079 ἐπεὶ
1623 1015 1748 1099 ’γὰρ
1798 1016 1837 1090 ἡ
1883 1016 2061 1101 ψυχὴ
2106 1021 2303 1099 μικρῷ
2349 1015 2583 1096 σώματι
2628 1017 3095 1098 παρατείνουσα

648 1137 798 1198 κατὰ
867 1135 982 1210 τὴν
1040 1129 1327 1208 παιδικὴν
1386 1132 1680 1217 (τροφὴ)ν
1727 1129 1974 1206 αὔξεται
2018 1137 2083 1194 et
2131 1130 2309 1194 Sext.
2358 1130 2545 1216 Emp.
2594 1129 2738 1194 adv.
2782 1127 3091 1193 mathem.

646 1249 767 1314 [X.
817 1251 937 1313 72:
1003 1254 1100 1314 καὶ
1148 1249 1285 1314 καθ’
1332 1249 1524 1325 αὑτὰς
1573 1245 1634 1313 δὲ
1683 1246 2034 1331 διαμένουσι
2081 1253 2176 1313 καὶ
2223 1249 2391 1335 οὐχ,
2439 1249 2526 1324 ὡς
2570 1249 2785 1333 ἔλεγεν
2832 1252 2867 1312 ὁ
2913 1246 3094 1312 Ἐπί-

647 1396 920 1455 κουρος,
989 1366 1404 1434 ἀπολυθεῖσαι
1456 1370 1585 1430 τῶν
1631 1369 1938 1446 σωμάτων
1984 1371 2225 1462 nean-poi]
2275 1363 2450 1440 δίκην
2498 1364 2878 1432 ‹mmmm-az.

733 1485 1021 1548 Tertium
1086 1482 1206 1547 hoc
1250 1482 1434 1546 affert
1479 1481 1963 1546 documentum:
2010 1488 2083 1545 ut
2127 1503 2355 1567 corpus
2399 1483 2636 1547 morbis
2682 1481 2953 1547 afficitur
2998 1481 3095 1545 sic

645 1602 894 1666 animus
953 1601 1120 1664 curis
1163 1605 1228 1664 et
1275 1600 1633 1682 doloribu3‚
1701 1600 1754 1661 si
1800 1619 2027 1684 corpus
2072 1605 2362 1683 aegrotat
2408 1600 2655 1664 animus
2700 1619 2888 1686 saepe
2935 1599 3095 1662 deli-

644 1725 784 1783 rat:
857 1738 1008 1802 ergo
1073 1719 1356 1782 mortalis
1422 1723 1562 1800 est,
1636 1739 1821 1798 „nam
1889 1717 2066 1780 dolor
2134 1739 2207 1781 ac
2270 1717 2526 1781 morbus
2587 1718 2703 1781 leti
2746 1717 3093 1782 fabricator

644 1833 1036 1921 uterquest”.
1098 1833 1342 1898 Eodem
1372 1853 1626 1918 prorsus
1669 1832 1855 1896 modo
1900 1833 2283 1897 Panaetium
2331 1833 2612 1898 Stoicum
2640 1834 3095 1898 ratiocinatum

645 1973 783 2016 esse
825 1952 1115 2016 videmus
1159 1973 1196 2014 e
1241 1951 1534 2014 Tulliano
1579 1950 1757 2014 loco:
1806 1955 2061 2042 Quae-st.
2108 1951 2293 2014 Tusc.
2342 1951 2403 2014 1.·
2446 1954 2570 2034 32,
2622 1954 2747 2016 79:
2787 1953 3096 2033 „alteram

647 2073 862 2133 autem
906 2068 1090 2132 affert
1135 2066 1530 2149 (Panaetius)
1575 2066 1931 2149 rationem3
1992 2065 2156 2129 nihil
2202 2087 2340 2130 esse
2368 2116 2384 2149 ,
2431 2067 2600 2152 quod
2646 2067 2891 2150 doleat,
2938 2068 3098 2153 quin

648 2185 715 2248 id
760 2205 1024 2270 aegrum
1069 2206 1207 2248 esse
1253 2205 1501 2271 quoque
1546 2184 1785 2269 possit3
1833 2182 2001 2269 quod
2044 2189 2259 2247 autem
2303 2184 2371 2246 in
2414 2185 2706 2248 morbum
2751 2184 2977 2268 cadat,
3024 2185 3099 2248 id

653 2303 847 2368 etiam
891 2304 1336 2386 interiturum3
1385 2302 1598 2366 dolere
1644 2307 1860 2366 autem
1903 2302 2185 2384 animos;
2234 2322 2386 2386 ergo
2434 2303 2627 2366 etiam
2676 2302 3001 2366 interire.”

733 2420 1028 2486 Ebrietas
1072 2420 1241 2484 idem
1287 2421 1512 2507 probat
1556 2442 1704 2484 nam
1755 2441 2053 2502 „vemens
2081 2420 2389 2484 violentia
2418 2420 2594 2485 vini”
2634 2421 2915 2484 animum
2946 2441 3098 2484 con-

649 2539 897 2603 turbat:
966 2545 1032 2603 at
1099 2543 1150 2602 si
1217 2511 1579 2602 conturbari
1646 2543 1891 2623 potest,
1954 2537 2167 2623 paullo
2213 2537 2653 2602 vehementior
2714 2559 2904 2604 causa
2947 2559 3098 2601 eam

652 2656 971 2722 dissolvet.
1039 2657 1384 2721 Praeterea
1428 2655 1735 2743 epilepsia
1778 2654 1948 2721 idem
1995 2655 2213 2739 docet3
2262 2655 2358 2739 si,
2409 2655 2559 2721 dum
2603 2657 2669 2720 in
2703 2676 2963 2742 corpore
2994 2663 3099 2720 est

651 2780 716 2839 et
784 2776 864 2839 ab
936 2796 1010 2839 eo
1080 2776 1480 2857 continetur,
1547 2776 1797 2839 animus
1839 2776 1967 2839 iam
2019 2774 2111 2838 ita
2156 2775 2379 2838 iactari
2424 2780 2489 2839 et
2536 2774 2800 2839 distrahi
2844 2781 3093 2862 potest,

651 2894 762 2978 qui
805 2892 872 2955 in
915 2913 1062 2958 aere
1108 2897 1326 2978 aperto
1374 2912 1518 2956 cum
1561 2891 1789 2956 validis
1835 2892 2044 2955 ventis
2086 2912 2373 2977 pugnare
2418 2893 2707 2977 poterit?
2796 2893 3095 2978 Denique

649 3009 982 3074 medicinis
1047 3016 1329 3074 mentem
1395 3009 1602 3073 sanari
1659 3028 1845 3095 posse
1891 3009 2181 3073 videmus
2205 3058 2222 3092 ,
2283 3010 2451 3095 quod
2495 3010 2721 3095 probat
2767 3032 2909 3074 eam
2952 3030 3095 3073 mu-

649 3126 911 3191 tabilem
957 3148 1135 3191 esse:
1185 3126 1295 3191 sed
1341 3126 1394 3190 si
1437 3127 1671 3190 mutari
1713 3132 1967 3211 potest,
2014 3127 2299 3191 mortalis
2347 3133 2444 3190 est
2462 3176 2478 3209 ,
2524 3148 2674 3191 nam
2705 3126 3094 3214 „quodcum-

651 3264 774 3331 que
845 3244 972 3309 suis
1016 3250 1332 3309 mutatum
1384 3244 1614 3308 finibus
1661 3244 1799 3308 exit
1844 3246 2141 3309 continuo
2185 3245 2306 3311 hoc
2350 3266 2521 3310 mors
2568 3250 2663 3309 est
2707 3246 2877 3310 illius
2924 3246 3097 3332 quod

649 3360 769 3425 fuit
835 3362 1024 3425 ante-’²
1053 3358 1122 3439 ²).
1212 3362 1393 3426 Haec
1461 3363 1673 3426 omnia
1740 3368 1805 3426 et
1873 3384 2033 3449 quae
2080 3369 2466 3448 sequuntur,
2535 3384 2766 3449 nempe
2812 3365 3092 3427 animam

573 3464 578 3467 ¹
650 3480 998 3543 mortalem>
1045 3500 1182 3543 esse
1208 3529 1224 3562 ,
1295 3480 1592 3565 quoniam
1658 3479 1949 3544 homines
1992 3479 2391 3543 membratim
2437 3481 2697 3545 vitalem
2744 3480 3093 3566 deperdere

650 3616 906 3659 sensum
929 3595 1218 3660 videmus
1243 3603 1308 3660 et
1333 3598 1582 3661 animus
1606 3618 1756 3681 ergo
1784 3598 1970 3660 simul
1995 3596 2315 3661 scindatur
2330 3618 2587 3661 necesse
2605 3604 2702 3662 est
2718 3594 2783 3681 ³),
2798 3636 2878 3643 —
2903 3619 3090 3683 porro

649 3712 932 3777 animum
977 3714 1268 3797 interire,
1316 3734 1460 3779 cum
1506 3714 1781 3779 hominis
1823 3736 1969 3801 pars
2016 3715 2097 3778 sit
2144 3720 2208 3778 et
2251 3721 2464 3800 partes
2508 3736 2622 3801 per
2667 3734 2733 3778 se
2778 3735 2917 3779 esse
2962 3736 3092 3778 non

649 3830 895 3914 possint
941 3852 979 3894 a
1025 3836 1158 3895 toto
1193 3831 1474 3896 divulsae
1501 3882 1517 3915 ‚
1563 3854 1835 3918 cumque
1864 3832 1933 3895 id
1956 3882 1972 3915 ,
2020 3832 2187 3919 quod
2216 3832 2444 3915 modo,
2492 3832 2642 3895 dum
2673 3838 2810 3895 arto
2842 3851 3092 3895 conexu

651 3968 795 4011 cum
827 3970 1087 4035 corpore
1121 3956 1288 4013 esset
1317 3956 1690 4014 contextum
1717 4000 1732 4033 ,
1778 3956 2031 4034 ageret,
2085 3955 2269 4013 extra
2292 3970 2519 4034 corpus
2546 3950 2763 4013 vivere
2792 3970 2918 4013 non
2949 3969 3094 4033 pos-

651 4062 735 4127 sit
758 4062 802 4147 4)
830 4114 847 4147 ,
913 4102 993 4111 --
1063 4065 1220 4131 haec
1267 4068 1478 4131 omnia
1521 4066 1877 4131 necessario
1937 4067 2234 4152 consequi
2280 4087 2363 4130 ex
2407 4073 2543 4131 arto
2589 4052 2875 4149 vinculo,
2923 4066 3093 4152 quod

713 4368 754 4433 ¹)
824 4374 1096 4422 445—458.

713 4468 754 4534 2)
826 4471 1098 4518 459—523.

712 4562 752 4629 ³)
823 4566 1061 4613 523—45.

712 4661 752 4721 4)
820 4661 1058 4713 545—78.
