3529 5359
1783 405 1906 467 172

613 597 844 686 βιοτῆς
889 605 1140 690 χρόνον
1185 607 1251 670 ἐν
1295 609 1611 692 ταραχῇσι
1657 611 1754 672 καὶ
1797 603 2064 691 φόβοισι
2095 604 2627 690 ταλαιπωρὲουσι,
2670 604 2895 692 ψεύδεα
2927 611 3067 693 περὶ

617 724 730 783 τοῦ
789 721 939 800 μετὰ
995 723 1111 797 τὴν
1156 721 1449 799 τελευτὴν
1492 721 2087 804 μυθοπλαστέοντες
2134 724 2379 809 χρόνου
2419 722 2483 806 ¹).
2570 723 2789 807 Ipsam
2832 724 3071 808 allego-

615 835 776 899 riam
820 842 1037 901 tamen
1081 838 1253 923 apud
1297 859 1407 903 eos
1452 860 1579 903 non
1622 839 1990 903 invenimus
2015 888 2031 921 ,
2098 837 2366 903 fortasse
2412 840 2610 924 igitur
2654 863 2693 904 a
2736 846 2929 926 poeta
2971 846 3070 904 est

620 952 903 1018 inventa.
965 954 1260 1042 Denique
1306 976 1388 1019 ne
1433 962 1706 1020 mortem
1751 955 2059 1034 timeant,
2106 962 2557 1040 argumentum
2600 957 2786 1020 affert
2830 958 3070 1023 Lucre-

621 1069 748 1152 tius
815 1093 1032 1136 rursus
1099 1073 1380 1138 maxime
1447 1074 1769 1159 poeticum
1827 1079 1893 1137 et
1937 1095 1976 1137 a
2020 1080 2211 1160 poeta
2254 1073 2519 1139 fortasse
2564 1081 2909 1161 sumptum.
2999 1075 3071 1141 si

621 1194 894 1253 mortem
962 1191 1196 1254 metuis
1219 1238 1236 1266 ‚
1305 1197 1627 1254 memento
1695 1196 1760 1255 te
1827 1211 1957 1255 non
2002 1191 2207 1255 solum
2268 1191 2449 1255 mori.
2538 1192 2959 1257 Illustrissimi
3006 1197 3072 1256 et

622 1306 956 1370 clarissimi
987 1307 1150 1390 viri,
1198 1306 1426 1372 heroes
1445 1357 1461 1390 ,
1507 1313 1738 1393 poetae
1764 1358 1782 1392 ,
1828 1307 2191 1394 philosophi
2221 1309 2521 1373 ultimum
2553 1309 2847 1373 obierunt
2873 1309 3071 1392 diem,

621 1428 694 1487 tu
762 1445 873 1487 cm·
931 1425 1183 1488 viveres
1249 1425 1318 1488 in
1377 1424 1851 1508 aeternumP2).
1946 1429 2239 1492 Κᾶτθαυε
2301 1431 2398 1492 καὶ
2450 1425 2829 1512 Πάτροκλος
2876 1431 2910 1492 ὅ
2956 1455 3069 1513 περ

623 1543 728 1606 σέο
773 1540 1032 1607 πολλὸν
1077 1542 1348 1624 ἀμείνων
1378 1539 1443 1624 ³).
1536 1541 1813 1606 Omnino
1858 1542 1911 1605 si
1955 1563 2111 1628 pace
2156 1541 2279 1606 frui
2325 1542 2443 1620 vis,
2490 1542 2709 1606 desine
2752 1543 3072 1608 immorta-

619 1657 869 1728 litatem
937 1658 1334 1743 desiderare,
1402 1679 1610 1745 neque
1680 1660 1852 1724 enim
1920 1680 2124 1741 „nova
2181 1658 2456 1723 vivendo
2526 1660 2899 1746 procuditur
2941 1661 3075 1724 ulla

620 1777 956 1862 voluptas:
1018 1777 1129 1841 sed
1196 1777 1348 1841 dum
1414 1777 1596 1841 abest
1663 1777 1833 1863 quod
1900 1797 2205 1860 avemus,
2269 1777 2336 1841 id
2382 1798 2774 1863 exsuperare
2819 1777 3075 1841 videtur

623 1898 877 1958 cetera:
941 1900 1084 1979 post
1151 1893 1359 1977 aliud,
1421 1916 1566 1959 cum
1612 1894 1882 1979 contigit
1926 1894 2087 1957 illud
2112 1943 2128 1976 ,
2202 1915 2465 1958 avemus
2490 1943 2507 1977 ,
2578 1900 2644 1958 et
2689 1894 2827 1958 sitis
2873 1915 3077 1980 aequa

624 2016 804 2075 tenet
845 2011 1003 2075 vitai
1048 2030 1299 2097 semper
1341 2011 1619 2076 hiantis”
1649 2010 1716 2096 )4.
1779 2011 1981 2078 ’Ὅθεν
2026 2017 2265 2098 γνῶσις
2314 2014 2477 2097 ὀρθὴ
2522 2020 2635 2076 τοῦ
2679 2017 2877 2094 μηδὲν
2923 2012 3076 2078 εἶναι

624 2129 792 2214 πρὸς
857 2131 1019 2212 ἡμᾶς
1089 2132 1205 2194 τὸν
1271 2127 1551 2195 θάνατον
1619 2128 2034 2202 ἀπολαυστὸν
2100 2137 2263 2194 ποιεῖ
2321 2129 2393 2193 τὸ
2439 2138 2551 2204 τῆς
2596 2128 2762 2206 ζωῆς
2808 2132 3075 2208 θνητόν,

626 2247 742 2312 οὐκ
780 2246 1039 2333 ἄπειρον
1068 2252 1475 2332 προςτιθεῖσα
1507 2248 1754 2332 χρόνον
1781 2294 1796 2326 ,
1844 2245 2018 2313 ἀλλὰ
2049 2247 2163 2311 τὸν
2194 2255 2306 2322 τῆς
2337 2246 2692 2325 ἀθανασίας
2724 2246 3075 2332 ἀφελομένη

625 2366 839 2430 πόθον
867 2361 939 2447 ⁵).

712 2480 840 2546 Sed
899 2481 1094 2545 etiam
1150 2485 1405 2566 praeter
1470 2480 1691 2543 mortis
1753 2479 2051 2543 timorem
2111 2478 2314 2543 multa
2382 2484 2529 2542 sunt
2555 2528 2572 2562 ‚
2642 2499 2805 2565 quae
2874 2479 3075 2543 vitam

623 2598 924 2663 miseram
967 2596 1205 2662 faciant
1257 2602 1323 2660 et
1373 2595 1587 2660 omnia
1639 2596 1910 2660 eandem
1962 2594 2203 2660 habent
2256 2617 2512 2661 causam
2539 2645 2556 2679 ,
2627 2595 3073 2681 ignorantiam.

719 2715 812 2798 „O
880 2716 1143 2779 miseras
1200 2712 1532 2778 hominum
1598 2719 1849 2777 mentes
1873 2763 1890 2797 ,
1961 2734 1996 2777 o
2068 2719 2328 2799 pectora
2372 2714 2603 2777 caeca!
2671 2713 2964 2799 qualibus
3006 2714 3075 2777 in

626 2833 909 2898 tenebris
931 2833 1102 2897 vitae
1127 2832 1506 2919 quantisque
1529 2831 1788 2918 periclis
1818 2831 2073 2915 degitur
2102 2829 2223 2895 hoc
2253 2830 2395 2895 aevi
2420 2830 2591 2917 quod
2613 2830 2986 2917 cumquest”
3006 2830 3070 2914 ⁰).

720 2950 1146 3037 „Plerumque
1207 2949 1500 3015 videmus
1559 2948 1713 3035 quid
1759 2948 1881 3012 sibi
1926 2948 2193 3035 quisque
2237 2948 2398 3012 velit
2441 2946 2727 3032 nescire,
2773 2953 2840 3011 et
2884 2968 3071 3034 quae-

627 3090 768 3133 rere
832 3088 1085 3154 semper
1149 3073 1539 3132 commutare
1601 3068 1855 3149 locum,
1922 3066 2103 3152 quasi
2166 3087 2327 3130 onus
2372 3064 2691 3152 deponere
2737 3065 2975 3151 possit”
3008 3066 3069 3149 ²).

628 3185 715 3250 Et
760 3206 1016 3250 causam
1060 3207 1174 3250 cur
1217 3173 1349 3249 tam
1393 3184 1610 3249 miseri
1655 3184 1824 3267 sint,
1879 3204 1993 3247 cur
2042 3188 2261 3265 „tanta
2304 3182 2457 3247 mali
2501 3187 2829 3270 tamquam
2873 3183 3073 3247 moles

626 3303 695 3366 in
765 3308 1022 3388 pectore
1089 3301 1400 3384 constet”,
1459 3301 1758 3385 ignorant
1815 3320 2025 3386 neque
2087 3320 2349 3364 noscere
2395 3299 2671 3363 student.
2760 3300 2841 3363 In
2883 3299 3073 3365 rebus

627 3421 924 3485 inanibus
983 3420 1178 3485 animi
1243 3425 1558 3507 quaerunt
1601 3439 1824 3505 pacem
1850 3468 1867 3502 ,
1940 3418 2181 3500 „morbi
2227 3418 2375 3504 quia
2420 3439 2677 3482 causam
2721 3440 2850 3482 non
2894 3422 3071 3482 tenet

629 3560 862 3624 aeger3
910 3561 1101 3624 quam
1144 3538 1308 3603 bene
1353 3537 1407 3601 si
1452 3537 1667 3601 videat
1691 3586 1708 3620 ‚
1777 3536 1905 3599 iam
1948 3536 2139 3599 rebus
2183 3536 2451 3622 quisque
2497 3536 2735 3599 relictis
2778 3542 3072 3600 naturam

629 3658 906 3744 primum
965 3656 1218 3721 studeat
1285 3675 1664 3740 cognoscere
1727 3674 1976 3737 rerum,
2046 3653 2351 3739 temporis
2418 3653 2663 3717 aeterni
2730 3652 3070 3739 quoniam,

629 3797 758 3839 non
801 3774 992 3839 unius
1036 3774 1230 3839 horae
1255 3824 1272 3858 ,
1339 3773 1686 3858 ambigitur
1731 3778 1968 3856 status,
2036 3773 2104 3835 in
2148 3793 2273 3858 quo
2321 3772 2404 3835 sit
2447 3770 2825 3836 mortalibus
2870 3771 3073 3836 omnis

634 4002 1022 4012 ὴ*-

696 4174 735 4232 ¹)
809 4170 944 4221 stob.
981 4170 1112 4221 Flor.
1155 4172 1278 4231 120,
1316 4172 1392 4219 20.

695 4268 732 4327 2)
801 4267 892 4317 ΙΙΙ
914 4304 928 4331 ,
969 4268 1092 4315 1024
1125 4280 1260 4331 seqq.

695 4362 732 4421 ³)
798 4361 950 4412 Hom.
987 4360 1051 4411 11.
1087 4366 1155 4421 Φ,
1197 4360 1305 4413 107.

692 4456 734 4520 ⁴)
801 4456 925 4517 ΙΙΙ,
963 4458 1084 4505 1081
1119 4469 1254 4519 seqq.

692 4552 731 4614 ⁵)
804 4551 870 4601 D.
904 4551 964 4601 L.
1001 4550 1101 4611 X.‚
1141 4552 1248 4599 124.

693 4646 739 4706 ⁶)
806 4645 895 4707 ΙΙ,
934 4649 993 4695 14
1027 4660 1160 4709 seqq.

694 4740 732 4800 ⁷)
800 4739 914 4800 III,
954 4741 1074 4790 1057
1109 4755 1243 4803 seqq.
