<?xml version="1.0" encoding="UTF-8"?>
<!DOCTYPE html PUBLIC "-//W3C//DTD XHTML 1.0 Transitional//EN"
    "http://www.w3.org/TR/xhtml1/DTD/xhtml1-transitional.dtd">
<html xmlns="http://www.w3.org/1999/xhtml" xml:lang="en" lang="en">
 <head>
  <title>
</title>
<meta http-equiv="Content-Type" content="text/html;charset=utf-8" />
  <meta name='ocr-system' content='tesseract 3.04.00' />
  <meta name='ocr-capabilities' content='ocr_page ocr_carea ocr_par ocr_line ocrx_word'/>
</head>
<body>
  <div class='ocr_page' id='page_1' title='image "./lucretiiphiloso01woltgoog_0152.png"; bbox 0 0 3529 5359; ppageno 0'>
   <div class='ocr_carea' id='block_1_1' title="bbox 1874 369 1997 432">
    <p class='ocr_par' dir='ltr' id='par_1_1' title="bbox 1874 369 1997 432">
     <span class='ocr_line' id='line_1_1' title="bbox 1874 369 1997 432; baseline 0.016 -2"><span class='ocrx_word' id='word_1_1' title='bbox 1874 369 1997 432; x_wconf 90' lang='grc'>140</span> 
     </span>
    </p>
   </div>
   <div class='ocr_carea' id='block_1_2' title="bbox 707 566 3169 3701">
    <p class='ocr_par' dir='ltr' id='par_1_2' title="bbox 707 566 3169 3352">
     <span class='ocr_line' id='line_1_2' title="bbox 717 566 3159 656; baseline 0 -26"><span class='ocrx_word' id='word_1_2' title='bbox 717 566 890 648; x_wconf 89' lang='lat' dir='ltr'>„sine</span> <span class='ocrx_word' id='word_1_3' title='bbox 935 567 1114 630; x_wconf 84' lang='lat' dir='ltr'>voltu</span> <span class='ocrx_word' id='word_1_4' title='bbox 1157 587 1347 632; x_wconf 89' lang='lat' dir='ltr'>caeca</span> <span class='ocrx_word' id='word_1_5' title='bbox 1390 573 1679 654; x_wconf 85' lang='lat' dir='ltr'>reperta,</span> <span class='ocrx_word' id='word_1_6' title='bbox 1749 569 2091 656; x_wconf 84' lang='lat' dir='ltr'>vinctaque</span> <span class='ocrx_word' id='word_1_7' title='bbox 2137 569 2575 633; x_wconf 90' lang='lat' dir='ltr'>membrorum</span> <span class='ocrx_word' id='word_1_8' title='bbox 2618 589 2735 653; x_wconf 90' lang='lat' dir='ltr'>per</span> <span class='ocrx_word' id='word_1_9' title='bbox 2761 575 2983 632; x_wconf 83' lang='lat' dir='ltr'>&#39;totum</span> <span class='ocrx_word' id='word_1_10' title='bbox 3028 589 3159 632; x_wconf 89' lang='lat' dir='ltr'>cor-</span> 
     </span>
     <span class='ocr_line' id='line_1_3' title="bbox 717 682 3161 772; baseline 0.002 -27"><span class='ocrx_word' id='word_1_11' title='bbox 717 705 872 768; x_wconf 92' lang='lat' dir='ltr'>„pus</span> <span class='ocrx_word' id='word_1_12' title='bbox 939 682 1221 748; x_wconf 86' lang='lat' dir='ltr'>adhaesu</span> <span class='ocrx_word' id='word_1_13' title='bbox 1246 733 1263 766; x_wconf 87' lang='lat'>‚</span> <span class='ocrx_word' id='word_1_14' title='bbox 1332 706 1450 750; x_wconf 92' lang='lat' dir='ltr'>nec</span> <span class='ocrx_word' id='word_1_15' title='bbox 1510 685 1718 750; x_wconf 89' lang='lat' dir='ltr'>facere</span> <span class='ocrx_word' id='word_1_16' title='bbox 1766 691 1837 750; x_wconf 90' lang='lat' dir='ltr'>ut</span> <span class='ocrx_word' id='word_1_17' title='bbox 1882 692 2141 771; x_wconf 79' lang='lat' dir='ltr'>possent</span> <span class='ocrx_word' id='word_1_18' title='bbox 2186 686 2526 772; x_wconf 90' lang='lat' dir='ltr'>quicquam</span> <span class='ocrx_word' id='word_1_19' title='bbox 2573 707 2691 750; x_wconf 89' lang='lat' dir='ltr'>nec</span> <span class='ocrx_word' id='word_1_20' title='bbox 2738 686 2962 750; x_wconf 81' lang='lat' dir='ltr'>cedere</span> <span class='ocrx_word' id='word_1_21' title='bbox 3009 706 3161 771; x_wconf 89' lang='lat' dir='ltr'>quo-</span> 
     </span>
     <span class='ocr_line' id='line_1_4' title="bbox 717 801 3162 889; baseline 0.002 -26"><span class='ocrx_word' id='word_1_22' title='bbox 717 821 943 885; x_wconf 90' lang='lat' dir='ltr'>„quam</span> <span class='ocrx_word' id='word_1_23' title='bbox 989 822 1107 864; x_wconf 91' lang='lat' dir='ltr'>nec</span> <span class='ocrx_word' id='word_1_24' title='bbox 1152 801 1355 866; x_wconf 84' lang='lat' dir='ltr'>vitare</span> <span class='ocrx_word' id='word_1_25' title='bbox 1401 803 1640 866; x_wconf 91' lang='lat' dir='ltr'>malum</span> <span class='ocrx_word' id='word_1_26' title='bbox 1686 824 1804 866; x_wconf 91' lang='lat' dir='ltr'>nec</span> <span class='ocrx_word' id='word_1_27' title='bbox 1852 824 2101 867; x_wconf 90' lang='lat' dir='ltr'>sumere</span> <span class='ocrx_word' id='word_1_28' title='bbox 2148 803 2317 889; x_wconf 90' lang='lat' dir='ltr'>quod</span> <span class='ocrx_word' id='word_1_29' title='bbox 2364 803 2527 867; x_wconf 92' lang='lat' dir='ltr'>foret</span> <span class='ocrx_word' id='word_1_30' title='bbox 2572 825 2741 867; x_wconf 89' lang='lat' dir='ltr'>usus.</span> <span class='ocrx_word' id='word_1_31' title='bbox 2806 803 3037 868; x_wconf 82' lang='lat' dir='ltr'>Cetera</span> <span class='ocrx_word' id='word_1_32' title='bbox 3083 803 3162 867; x_wconf 88' lang='lat' dir='ltr'>de</span> 
     </span>
     <span class='ocr_line' id='line_1_5' title="bbox 718 917 3164 1007; baseline 0.001 -27"><span class='ocrx_word' id='word_1_33' title='bbox 718 936 991 1000; x_wconf 86' lang='lat' dir='ltr'>„genere</span> <span class='ocrx_word' id='word_1_34' title='bbox 1035 917 1156 983; x_wconf 89' lang='lat' dir='ltr'>hoc</span> <span class='ocrx_word' id='word_1_35' title='bbox 1201 926 1482 984; x_wconf 87' lang='lat' dir='ltr'>monstra</span> <span class='ocrx_word' id='word_1_36' title='bbox 1525 942 1598 985; x_wconf 91' lang='lat' dir='ltr'>ac</span> <span class='ocrx_word' id='word_1_37' title='bbox 1643 926 1941 1006; x_wconf 88' lang='lat' dir='ltr'>portenta</span> <span class='ocrx_word' id='word_1_38' title='bbox 1985 921 2275 1003; x_wconf 79' lang='lat' dir='ltr'>creabat,</span> <span class='ocrx_word' id='word_1_39' title='bbox 2344 941 2424 984; x_wconf 91' lang='lat' dir='ltr'>ne</span> <span class='ocrx_word' id='word_1_40' title='bbox 2471 921 2814 1007; x_wconf 87' lang='lat' dir='ltr'>quiquam,</span> <span class='ocrx_word' id='word_1_41' title='bbox 2863 921 3164 1007; x_wconf 89' lang='lat' dir='ltr'>quoniam</span> 
     </span>
     <span class='ocr_line' id='line_1_6' title="bbox 719 1037 3163 1123; baseline 0.002 -26"><span class='ocrx_word' id='word_1_42' title='bbox 719 1040 986 1116; x_wconf 89' lang='lat' dir='ltr'>„natura</span> <span class='ocrx_word' id='word_1_43' title='bbox 1048 1037 1392 1101; x_wconf 78' lang='lat' dir='ltr'>absterruit</span> <span class='ocrx_word' id='word_1_44' title='bbox 1436 1044 1738 1120; x_wconf 91' lang='lat' dir='ltr'>auctum,</span> <span class='ocrx_word' id='word_1_45' title='bbox 1807 1059 1926 1102; x_wconf 90' lang='lat' dir='ltr'>nec</span> <span class='ocrx_word' id='word_1_46' title='bbox 1973 1043 2238 1123; x_wconf 89' lang='lat' dir='ltr'>potuere</span> <span class='ocrx_word' id='word_1_47' title='bbox 2288 1038 2577 1123; x_wconf 91' lang='lat' dir='ltr'>cupitum</span> <span class='ocrx_word' id='word_1_48' title='bbox 2624 1039 2851 1102; x_wconf 86' lang='lat' dir='ltr'>aetatis</span> <span class='ocrx_word' id='word_1_49' title='bbox 2898 1044 3163 1122; x_wconf 86' lang='lat' dir='ltr'>tangere</span> 
     </span>
     <span class='ocr_line' id='line_1_7' title="bbox 717 1153 3165 1241; baseline 0.002 -27"><span class='ocrx_word' id='word_1_50' title='bbox 717 1153 975 1232; x_wconf 86' lang='lat' dir='ltr'>„florem</span> <span class='ocrx_word' id='word_1_51' title='bbox 1042 1175 1159 1219; x_wconf 91' lang='lat' dir='ltr'>nec</span> <span class='ocrx_word' id='word_1_52' title='bbox 1223 1155 1504 1239; x_wconf 89' lang='lat' dir='ltr'>reperire</span> <span class='ocrx_word' id='word_1_53' title='bbox 1574 1155 1789 1219; x_wconf 92' lang='lat' dir='ltr'>cibum</span> <span class='ocrx_word' id='word_1_54' title='bbox 1849 1177 1966 1220; x_wconf 88' lang='lat' dir='ltr'>nec</span> <span class='ocrx_word' id='word_1_55' title='bbox 2012 1156 2192 1240; x_wconf 86' lang='lat' dir='ltr'>iungi</span> <span class='ocrx_word' id='word_1_56' title='bbox 2236 1177 2354 1241; x_wconf 90' lang='lat' dir='ltr'>per</span> <span class='ocrx_word' id='word_1_57' title='bbox 2400 1156 2676 1220; x_wconf 89' lang='lat' dir='ltr'>Veneris</span> <span class='ocrx_word' id='word_1_58' title='bbox 2719 1161 2883 1220; x_wconf 88' lang='lat' dir='ltr'>res.&#39;‘</span> <span class='ocrx_word' id='word_1_59' title='bbox 2978 1157 3165 1220; x_wconf 86' lang='lat' dir='ltr'>Haec</span> 
     </span>
     <span class='ocr_line' id='line_1_8' title="bbox 707 1273 3165 1359; baseline 0.002 -27"><span class='ocrx_word' id='word_1_60' title='bbox 707 1276 992 1334; x_wconf 89' lang='lat' dir='ltr'>monstra</span> <span class='ocrx_word' id='word_1_61' title='bbox 1058 1278 1205 1335; x_wconf 89' lang='lat' dir='ltr'>sunt</span> <span class='ocrx_word' id='word_1_62' title='bbox 1271 1273 1450 1357; x_wconf 82' lang='lat' dir='ltr'><strong>quasi</strong></span> <span class='ocrx_word' id='word_1_63' title='bbox 1519 1278 1783 1336; x_wconf 90' lang='lat' dir='ltr'>conatus</span> <span class='ocrx_word' id='word_1_64' title='bbox 1846 1274 2169 1338; x_wconf 78' lang='lat' dir='ltr'>creatricis</span> <span class='ocrx_word' id='word_1_65' title='bbox 2213 1279 2517 1356; x_wconf 85' lang='lat' dir='ltr'>naturae,</span> <span class='ocrx_word' id='word_1_66' title='bbox 2582 1278 2845 1337; x_wconf 89' lang='lat' dir='ltr'>conatus</span> <span class='ocrx_word' id='word_1_67' title='bbox 2890 1274 3001 1359; x_wconf 92' lang='lat' dir='ltr'>qui</span> <span class='ocrx_word' id='word_1_68' title='bbox 3046 1273 3165 1336; x_wconf 92' lang='lat' dir='ltr'>im-</span> 
     </span>
     <span class='ocr_line' id='line_1_9' title="bbox 709 1387 3165 1471; baseline 0.002 -21"><span class='ocrx_word' id='word_1_69' title='bbox 709 1387 976 1471; x_wconf 83' lang='lat' dir='ltr'>perfecti</span> <span class='ocrx_word' id='word_1_70' title='bbox 1045 1395 1226 1452; x_wconf 89' lang='lat' dir='ltr'>erant</span> <span class='ocrx_word' id='word_1_71' title='bbox 1294 1395 1359 1454; x_wconf 90' lang='lat' dir='ltr'>et</span> <span class='ocrx_word' id='word_1_72' title='bbox 1417 1389 1583 1454; x_wconf 88' lang='lat' dir='ltr'>hanc</span> <span class='ocrx_word' id='word_1_73' title='bbox 1629 1390 1708 1454; x_wconf 95' lang='lat' dir='ltr'>ob</span> <span class='ocrx_word' id='word_1_74' title='bbox 1755 1411 1891 1454; x_wconf 89' lang='lat' dir='ltr'>rem</span> <span class='ocrx_word' id='word_1_75' title='bbox 1937 1391 2200 1455; x_wconf 89' lang='lat' dir='ltr'>interire</span> <span class='ocrx_word' id='word_1_76' title='bbox 2247 1391 2586 1455; x_wconf 90' lang='lat' dir='ltr'>debebant.</span> <span class='ocrx_word' id='word_1_77' title='bbox 2679 1391 2773 1454; x_wconf 90' lang='lat' dir='ltr'>Ut</span> <span class='ocrx_word' id='word_1_78' title='bbox 2819 1391 3016 1454; x_wconf 86' lang='lat' dir='ltr'>atomi</span> <span class='ocrx_word' id='word_1_79' title='bbox 3064 1413 3165 1454; x_wconf 89' lang='lat' dir='ltr'>ca-</span> 
     </span>
     <span class='ocr_line' id='line_1_10' title="bbox 711 1503 3167 1590; baseline 0.002 -24"><span class='ocrx_word' id='word_1_80' title='bbox 711 1503 934 1568; x_wconf 85' lang='lat' dir='ltr'>dentes</span> <span class='ocrx_word' id='word_1_81' title='bbox 980 1527 1108 1569; x_wconf 89' lang='lat' dir='ltr'>non</span> <span class='ocrx_word' id='word_1_82' title='bbox 1155 1506 1370 1570; x_wconf 89' lang='lat' dir='ltr'>statim</span> <span class='ocrx_word' id='word_1_83' title='bbox 1415 1506 1496 1570; x_wconf 92' lang='lat' dir='ltr'>ad</span> <span class='ocrx_word' id='word_1_84' title='bbox 1541 1505 1710 1570; x_wconf 91' lang='lat' dir='ltr'>hunc</span> <span class='ocrx_word' id='word_1_85' title='bbox 1756 1506 2066 1572; x_wconf 91' lang='lat' dir='ltr'>mundum</span> <span class='ocrx_word' id='word_1_86' title='bbox 2099 1507 2503 1571; x_wconf 88' lang='lat' dir='ltr'>efficiendum</span> <span class='ocrx_word' id='word_1_87' title='bbox 2536 1508 3009 1590; x_wconf 78' lang='lat' dir='ltr'>confluxerunt,</span> <span class='ocrx_word' id='word_1_88' title='bbox 3050 1507 3167 1572; x_wconf 89' lang='lat' dir='ltr'>sed</span> 
     </span>
     <span class='ocr_line' id='line_1_11' title="bbox 707 1622 3168 1710; baseline 0.001 -25"><span class='ocrx_word' id='word_1_89' title='bbox 707 1628 852 1708; x_wconf 91' lang='lat' dir='ltr'>post</span> <span class='ocrx_word' id='word_1_90' title='bbox 916 1622 1282 1687; x_wconf 88' lang='lat' dir='ltr'>innumeros</span> <span class='ocrx_word' id='word_1_91' title='bbox 1348 1643 1722 1707; x_wconf 86' lang='lat' dir='ltr'>congressus</span> <span class='ocrx_word' id='word_1_92' title='bbox 1792 1623 2047 1688; x_wconf 89' lang='lat' dir='ltr'>demum</span> <span class='ocrx_word' id='word_1_93' title='bbox 2116 1623 2426 1688; x_wconf 89' lang='lat' dir='ltr'>eiusmodi</span> <span class='ocrx_word' id='word_1_94' title='bbox 2494 1624 2753 1688; x_wconf 88' lang='lat' dir='ltr'>tandem</span> <span class='ocrx_word' id='word_1_95' title='bbox 2802 1625 3168 1710; x_wconf 83' lang='lat' dir='ltr'>complexio</span> 
     </span>
     <span class='ocr_line' id='line_1_12' title="bbox 711 1740 3167 1826; baseline 0.001 -22"><span class='ocrx_word' id='word_1_96' title='bbox 711 1745 852 1804; x_wconf 85' lang='lat' dir='ltr'>orta</span> <span class='ocrx_word' id='word_1_97' title='bbox 923 1747 1064 1823; x_wconf 86' lang='lat' dir='ltr'>est,</span> <span class='ocrx_word' id='word_1_98' title='bbox 1142 1762 1305 1826; x_wconf 87' lang='lat' dir='ltr'>quae</span> <span class='ocrx_word' id='word_1_99' title='bbox 1385 1740 1778 1826; x_wconf 81' lang='lat' dir='ltr'>aliquamdiu</span> <span class='ocrx_word' id='word_1_100' title='bbox 1855 1741 2082 1805; x_wconf 90' lang='lat' dir='ltr'>durare</span> <span class='ocrx_word' id='word_1_101' title='bbox 2151 1747 2401 1826; x_wconf 90' lang='lat' dir='ltr'>poterat</span> <span class='ocrx_word' id='word_1_102' title='bbox 2471 1748 2535 1806; x_wconf 88' lang='lat' dir='ltr'>et</span> <span class='ocrx_word' id='word_1_103' title='bbox 2605 1749 2815 1806; x_wconf 88' lang='lat' dir='ltr'>motus</span> <span class='ocrx_word' id='word_1_104' title='bbox 2874 1743 3035 1806; x_wconf 90' lang='lat' dir='ltr'>inire</span> <span class='ocrx_word' id='word_1_105' title='bbox 3086 1742 3167 1806; x_wconf 89' lang='lat' dir='ltr'>ad</span> 
     </span>
     <span class='ocr_line' id='line_1_13' title="bbox 711 1857 3169 1944; baseline 0.001 -24"><span class='ocrx_word' id='word_1_106' title='bbox 711 1857 924 1921; x_wconf 91' lang='lat' dir='ltr'>omnia</span> <span class='ocrx_word' id='word_1_107' title='bbox 990 1857 1264 1922; x_wconf 90' lang='lat' dir='ltr'>creanda</span> <span class='ocrx_word' id='word_1_108' title='bbox 1331 1863 1511 1944; x_wconf 88' lang='lat' dir='ltr'>aptos</span> <span class='ocrx_word' id='word_1_109' title='bbox 1548 1859 1632 1940; x_wconf 89' lang='lat'>¹),</span> <span class='ocrx_word' id='word_1_110' title='bbox 1703 1859 1794 1921; x_wconf 89' lang='lat' dir='ltr'>sic</span> <span class='ocrx_word' id='word_1_111' title='bbox 1861 1857 2000 1943; x_wconf 89' lang='lat' dir='ltr'>ipse</span> <span class='ocrx_word' id='word_1_112' title='bbox 2060 1857 2165 1922; x_wconf 89' lang='lat' dir='ltr'>hic</span> <span class='ocrx_word' id='word_1_113' title='bbox 2210 1859 2486 1922; x_wconf 87' lang='lat' dir='ltr'>mundus</span> <span class='ocrx_word' id='word_1_114' title='bbox 2531 1880 2661 1922; x_wconf 93' lang='lat' dir='ltr'>non</span> <span class='ocrx_word' id='word_1_115' title='bbox 2706 1859 2922 1923; x_wconf 88' lang='lat' dir='ltr'>statim</span> <span class='ocrx_word' id='word_1_116' title='bbox 2968 1880 3169 1944; x_wconf 91' lang='lat' dir='ltr'>opera</span> 
     </span>
     <span class='ocr_line' id='line_1_14' title="bbox 711 1973 3164 2060; baseline 0 -24"><span class='ocrx_word' id='word_1_117' title='bbox 711 1973 995 2059; x_wconf 88' lang='lat' dir='ltr'>perfecta</span> <span class='ocrx_word' id='word_1_118' title='bbox 1061 1979 1128 2038; x_wconf 92' lang='lat' dir='ltr'>et</span> <span class='ocrx_word' id='word_1_119' title='bbox 1171 1974 1464 2038; x_wconf 88' lang='lat' dir='ltr'>absoluta</span> <span class='ocrx_word' id='word_1_120' title='bbox 1506 1974 1676 2057; x_wconf 84' lang='lat' dir='ltr'>fecit,</span> <span class='ocrx_word' id='word_1_121' title='bbox 1703 1973 1815 2038; x_wconf 87' lang='lat' dir='ltr'>sed</span> <span class='ocrx_word' id='word_1_122' title='bbox 1848 1974 2125 2059; x_wconf 92' lang='lat' dir='ltr'>primum</span> <span class='ocrx_word' id='word_1_123' title='bbox 2159 1975 2339 2060; x_wconf 88' lang='lat' dir='ltr'>quasi</span> <span class='ocrx_word' id='word_1_124' title='bbox 2366 1974 2583 2038; x_wconf 89' lang='lat' dir='ltr'>inania</span> <span class='ocrx_word' id='word_1_125' title='bbox 2611 1975 2763 2038; x_wconf 87' lang='lat' dir='ltr'>fecit</span> <span class='ocrx_word' id='word_1_126' title='bbox 2787 1975 3164 2038; x_wconf 89' lang='lat' dir='ltr'>tentamina.</span> 
     </span>
     <span class='ocr_line' id='line_1_15' title="bbox 720 2089 3168 2177; baseline 0 -23"><span class='ocrx_word' id='word_1_127' title='bbox 720 2089 964 2171; x_wconf 87' lang='lat' dir='ltr'>„Multa</span> <span class='ocrx_word' id='word_1_128' title='bbox 1030 2090 1320 2155; x_wconf 85' lang='lat' dir='ltr'>videmus</span> <span class='ocrx_word' id='word_1_129' title='bbox 1388 2090 1559 2156; x_wconf 90' lang='lat' dir='ltr'>enim</span> <span class='ocrx_word' id='word_1_130' title='bbox 1626 2091 1818 2155; x_wconf 88' lang='lat' dir='ltr'>rebus</span> <span class='ocrx_word' id='word_1_131' title='bbox 1864 2111 2241 2155; x_wconf 89' lang='lat' dir='ltr'>concurrere</span> <span class='ocrx_word' id='word_1_132' title='bbox 2289 2091 2523 2155; x_wconf 92' lang='lat' dir='ltr'>debere</span> <span class='ocrx_word' id='word_1_133' title='bbox 2548 2141 2566 2174; x_wconf 86' lang='lat'>,</span> <span class='ocrx_word' id='word_1_134' title='bbox 2635 2098 2706 2154; x_wconf 93' lang='lat' dir='ltr'>ut</span> <span class='ocrx_word' id='word_1_135' title='bbox 2752 2091 3168 2177; x_wconf 87' lang='lat' dir='ltr'>propagando</span> 
     </span>
     <span class='ocr_line' id='line_1_16' title="bbox 720 2207 3168 2294; baseline 0 -23"><span class='ocrx_word' id='word_1_136' title='bbox 720 2207 1001 2292; x_wconf 87' lang='lat' dir='ltr'>„possint</span> <span class='ocrx_word' id='word_1_137' title='bbox 1044 2207 1392 2294; x_wconf 83' lang='lat' dir='ltr'>procudere</span> <span class='ocrx_word' id='word_1_138' title='bbox 1446 2209 1694 2272; x_wconf 87' lang='lat' dir='ltr'>saecla”</span> <span class='ocrx_word' id='word_1_139' title='bbox 1745 2210 1939 2291; x_wconf 88' lang='grc'>(849).</span> <span class='ocrx_word' id='word_1_140' title='bbox 2032 2208 2203 2272; x_wconf 83' lang='lat' dir='ltr'>Cave</span> <span class='ocrx_word' id='word_1_141' title='bbox 2250 2214 2465 2272; x_wconf 92' lang='lat' dir='ltr'>tamen</span> <span class='ocrx_word' id='word_1_142' title='bbox 2509 2230 2591 2272; x_wconf 93' lang='lat' dir='ltr'>ne</span> <span class='ocrx_word' id='word_1_143' title='bbox 2635 2215 2823 2294; x_wconf 90' lang='lat' dir='ltr'>putes</span> <span class='ocrx_word' id='word_1_144' title='bbox 2868 2213 3168 2273; x_wconf 87' lang='lat' dir='ltr'>naturam</span> 
     </span>
     <span class='ocr_line' id='line_1_17' title="bbox 712 2324 3168 2412; baseline 0 -24"><span class='ocrx_word' id='word_1_145' title='bbox 712 2331 995 2389; x_wconf 90' lang='lat' dir='ltr'>monstra</span> <span class='ocrx_word' id='word_1_146' title='bbox 1058 2326 1342 2411; x_wconf 89' lang='lat' dir='ltr'>potuisse</span> <span class='ocrx_word' id='word_1_147' title='bbox 1387 2326 1453 2390; x_wconf 89' lang='lat' dir='ltr'>in</span> <span class='ocrx_word' id='word_1_148' title='bbox 1504 2327 1712 2390; x_wconf 89' lang='lat' dir='ltr'>lucem</span> <span class='ocrx_word' id='word_1_149' title='bbox 1758 2325 2027 2411; x_wconf 88' lang='lat' dir='ltr'>prodere</span> <span class='ocrx_word' id='word_1_150' title='bbox 2072 2331 2145 2389; x_wconf 91' lang='lat' dir='ltr'>ut</span> <span class='ocrx_word' id='word_1_151' title='bbox 2191 2326 2583 2407; x_wconf 83' lang='lat' dir='ltr'>Centauros,</span> <span class='ocrx_word' id='word_1_152' title='bbox 2653 2327 2943 2412; x_wconf 78' lang='lat' dir='ltr'>Scyllas,</span> <span class='ocrx_word' id='word_1_153' title='bbox 3012 2324 3168 2390; x_wconf 76' lang='lat' dir='ltr'>chi-</span> 
     </span>
     <span class='ocr_line' id='line_1_18' title="bbox 712 2443 3169 2529; baseline 0 -23"><span class='ocrx_word' id='word_1_154' title='bbox 712 2464 1012 2506; x_wconf 90' lang='lat' dir='ltr'>maeram.</span> <span class='ocrx_word' id='word_1_155' title='bbox 1103 2443 1270 2507; x_wconf 90' lang='lat' dir='ltr'>Nam</span> <span class='ocrx_word' id='word_1_156' title='bbox 1326 2465 1488 2529; x_wconf 87' lang='lat' dir='ltr'>quae</span> <span class='ocrx_word' id='word_1_157' title='bbox 1534 2443 1742 2528; x_wconf 90' lang='lat' dir='ltr'>prima</span> <span class='ocrx_word' id='word_1_158' title='bbox 1787 2443 1939 2507; x_wconf 90' lang='lat' dir='ltr'>fecit</span> <span class='ocrx_word' id='word_1_159' title='bbox 1986 2449 2166 2512; x_wconf 89' lang='lat' dir='ltr'>erant</span> <span class='ocrx_word' id='word_1_160' title='bbox 2210 2444 2619 2528; x_wconf 84' lang='lat' dir='ltr'>imperfecta,</span> <span class='ocrx_word' id='word_1_161' title='bbox 2687 2464 2895 2529; x_wconf 91' lang='lat' dir='ltr'>neque</span> <span class='ocrx_word' id='word_1_162' title='bbox 2944 2448 3169 2506; x_wconf 90' lang='lat' dir='ltr'>tamen</span> 
     </span>
     <span class='ocr_line' id='line_1_19' title="bbox 713 2560 3167 2646; baseline 0.001 -24"><span class='ocrx_word' id='word_1_163' title='bbox 713 2560 918 2623; x_wconf 79' lang='lat' dir='ltr'>mixta</span> <span class='ocrx_word' id='word_1_164' title='bbox 949 2581 984 2623; x_wconf 93' lang='lat' dir='ltr'>e</span> <span class='ocrx_word' id='word_1_165' title='bbox 1017 2560 1320 2624; x_wconf 91' lang='lat' dir='ltr'>membris</span> <span class='ocrx_word' id='word_1_166' title='bbox 1334 2560 1616 2646; x_wconf 91' lang='lat' dir='ltr'>plurium</span> <span class='ocrx_word' id='word_1_167' title='bbox 1647 2561 2054 2644; x_wconf 84' lang='lat' dir='ltr'>animalium,</span> <span class='ocrx_word' id='word_1_168' title='bbox 2102 2561 2269 2646; x_wconf 93' lang='lat' dir='ltr'>quod</span> <span class='ocrx_word' id='word_1_169' title='bbox 2296 2560 2525 2624; x_wconf 91' lang='lat' dir='ltr'>rationi</span> <span class='ocrx_word' id='word_1_170' title='bbox 2565 2567 2902 2645; x_wconf 85' lang='lat' dir='ltr'>repugnat.</span> <span class='ocrx_word' id='word_1_171' title='bbox 2956 2561 3167 2642; x_wconf 86' lang='lat' dir='ltr'>„Nam</span> 
     </span>
     <span class='ocr_line' id='line_1_20' title="bbox 719 2677 3167 2764; baseline 0 -23"><span class='ocrx_word' id='word_1_172' title='bbox 719 2677 925 2764; x_wconf 86' lang='lat' dir='ltr'>„quod</span> <span class='ocrx_word' id='word_1_173' title='bbox 991 2677 1195 2742; x_wconf 88' lang='lat' dir='ltr'>multa</span> <span class='ocrx_word' id='word_1_174' title='bbox 1253 2678 1430 2743; x_wconf 86' lang='lat' dir='ltr'>fuere</span> <span class='ocrx_word' id='word_1_175' title='bbox 1491 2679 1557 2742; x_wconf 93' lang='lat' dir='ltr'>in</span> <span class='ocrx_word' id='word_1_176' title='bbox 1603 2679 1788 2743; x_wconf 88' lang='lat' dir='ltr'>terris</span> <span class='ocrx_word' id='word_1_177' title='bbox 1833 2678 2075 2743; x_wconf 89' lang='lat' dir='ltr'>semina</span> <span class='ocrx_word' id='word_1_178' title='bbox 2120 2700 2333 2741; x_wconf 89' lang='lat' dir='ltr'>rerum</span> <span class='ocrx_word' id='word_1_179' title='bbox 2379 2684 2666 2763; x_wconf 90' lang='lat' dir='ltr'>tempore</span> <span class='ocrx_word' id='word_1_180' title='bbox 2714 2700 2837 2764; x_wconf 92' lang='lat' dir='ltr'>quo</span> <span class='ocrx_word' id='word_1_181' title='bbox 2884 2679 3167 2764; x_wconf 92' lang='lat' dir='ltr'>primum</span> 
     </span>
     <span class='ocr_line' id='line_1_21' title="bbox 720 2795 3167 2881; baseline -0 -22"><span class='ocrx_word' id='word_1_182' title='bbox 720 2797 948 2878; x_wconf 89' lang='lat' dir='ltr'>„tellus</span> <span class='ocrx_word' id='word_1_183' title='bbox 992 2797 1294 2861; x_wconf 88' lang='lat' dir='ltr'>animalia</span> <span class='ocrx_word' id='word_1_184' title='bbox 1339 2796 1542 2880; x_wconf 86' lang='lat' dir='ltr'>fudit,</span> <span class='ocrx_word' id='word_1_185' title='bbox 1594 2798 1686 2861; x_wconf 91' lang='lat' dir='ltr'>nil</span> <span class='ocrx_word' id='word_1_186' title='bbox 1731 2802 1949 2860; x_wconf 88' lang='lat' dir='ltr'>tamen</span> <span class='ocrx_word' id='word_1_187' title='bbox 1994 2802 2091 2860; x_wconf 89' lang='lat' dir='ltr'>est</span> <span class='ocrx_word' id='word_1_188' title='bbox 2136 2796 2300 2880; x_wconf 85' lang='lat' dir='ltr'>signi</span> <span class='ocrx_word' id='word_1_189' title='bbox 2346 2796 2586 2859; x_wconf 84' lang='lat' dir='ltr'>mixtas</span> <span class='ocrx_word' id='word_1_190' title='bbox 2630 2796 2912 2881; x_wconf 88' lang='lat' dir='ltr'>potuisse</span> <span class='ocrx_word' id='word_1_191' title='bbox 2958 2795 3167 2859; x_wconf 88' lang='lat' dir='ltr'>creari</span> 
     </span>
     <span class='ocr_line' id='line_1_22' title="bbox 720 2912 3169 3000; baseline -0 -23"><span class='ocrx_word' id='word_1_192' title='bbox 720 2914 925 2995; x_wconf 87' lang='lat' dir='ltr'>„inter</span> <span class='ocrx_word' id='word_1_193' title='bbox 991 2935 1058 2978; x_wconf 91' lang='lat' dir='ltr'>se</span> <span class='ocrx_word' id='word_1_194' title='bbox 1104 2914 1384 3000; x_wconf 89' lang='lat' dir='ltr'>pecudes</span> <span class='ocrx_word' id='word_1_195' title='bbox 1431 2920 1887 3000; x_wconf 81' lang='lat' dir='ltr'>compactaque</span> <span class='ocrx_word' id='word_1_196' title='bbox 1931 2914 2217 2979; x_wconf 90' lang='lat' dir='ltr'>membra</span> <span class='ocrx_word' id='word_1_197' title='bbox 2262 2912 2699 2977; x_wconf 89' lang='lat' dir='ltr'>animantum&#39;’</span> <span class='ocrx_word' id='word_1_198' title='bbox 2733 2915 2803 2996; x_wconf 86' lang='grc'>2).</span> <span class='ocrx_word' id='word_1_199' title='bbox 2894 2913 3169 2977; x_wconf 88' lang='lat' dir='ltr'>Praeter</span> 
     </span>
     <span class='ocr_line' id='line_1_23' title="bbox 713 3029 3167 3117; baseline -0 -23"><span class='ocrx_word' id='word_1_200' title='bbox 713 3029 872 3095; x_wconf 89' lang='lat' dir='ltr'>haec</span> <span class='ocrx_word' id='word_1_201' title='bbox 933 3037 1214 3095; x_wconf 89' lang='lat' dir='ltr'>monstra</span> <span class='ocrx_word' id='word_1_202' title='bbox 1273 3055 1347 3098; x_wconf 85' lang='lat' dir='ltr'>ac</span> <span class='ocrx_word' id='word_1_203' title='bbox 1411 3037 1751 3117; x_wconf 87' lang='lat' dir='ltr'>portenta,</span> <span class='ocrx_word' id='word_1_204' title='bbox 1821 3052 1983 3117; x_wconf 90' lang='lat' dir='ltr'>quae</span> <span class='ocrx_word' id='word_1_205' title='bbox 2046 3031 2320 3096; x_wconf 88' lang='lat' dir='ltr'>mundus</span> <span class='ocrx_word' id='word_1_206' title='bbox 2393 3030 2687 3112; x_wconf 86' lang='lat' dir='ltr'>„creabat</span> <span class='ocrx_word' id='word_1_207' title='bbox 2732 3050 2811 3093; x_wconf 93' lang='lat' dir='ltr'>ne</span> <span class='ocrx_word' id='word_1_208' title='bbox 2858 3030 3167 3115; x_wconf 91' lang='lat' dir='ltr'>quiquam</span> 
     </span>
     <span class='ocr_line' id='line_1_24' title="bbox 711 3147 3169 3234; baseline -0 -22"><span class='ocrx_word' id='word_1_209' title='bbox 711 3148 1010 3234; x_wconf 89' lang='lat' dir='ltr'>quoniam</span> <span class='ocrx_word' id='word_1_210' title='bbox 1055 3155 1283 3213; x_wconf 89' lang='lat' dir='ltr'>natura</span> <span class='ocrx_word' id='word_1_211' title='bbox 1327 3149 1670 3214; x_wconf 87' lang='lat' dir='ltr'>absterruit</span> <span class='ocrx_word' id='word_1_212' title='bbox 1715 3149 2060 3230; x_wconf 86' lang='lat' dir='ltr'>auctum”,</span> <span class='ocrx_word' id='word_1_213' title='bbox 2108 3148 2312 3211; x_wconf 91' lang='lat' dir='ltr'>multa</span> <span class='ocrx_word' id='word_1_214' title='bbox 2356 3147 2483 3211; x_wconf 90' lang='lat' dir='ltr'>alia</span> <span class='ocrx_word' id='word_1_215' title='bbox 2521 3147 2894 3212; x_wconf 90' lang='lat' dir='ltr'>animalium</span> <span class='ocrx_word' id='word_1_216' title='bbox 2924 3167 3169 3230; x_wconf 84' lang='lat' dir='ltr'>genera</span> 
     </span>
     <span class='ocr_line' id='line_1_25' title="bbox 714 3264 3164 3352; baseline -0.001 -23"><span class='ocrx_word' id='word_1_217' title='bbox 714 3287 963 3352; x_wconf 92' lang='lat' dir='ltr'>quoque</span> <span class='ocrx_word' id='word_1_218' title='bbox 1017 3267 1397 3331; x_wconf 89' lang='lat' dir='ltr'>interierunt</span> <span class='ocrx_word' id='word_1_219' title='bbox 1439 3288 1556 3331; x_wconf 88' lang='lat' dir='ltr'>nec</span> <span class='ocrx_word' id='word_1_220' title='bbox 1585 3272 1934 3352; x_wconf 90' lang='lat' dir='ltr'>potuerunt</span> <span class='ocrx_word' id='word_1_221' title='bbox 1986 3264 2435 3351; x_wconf 84' lang='lat' dir='ltr'>„propagando</span> <span class='ocrx_word' id='word_1_222' title='bbox 2467 3264 2819 3349; x_wconf 91' lang='lat' dir='ltr'>procudere</span> <span class='ocrx_word' id='word_1_223' title='bbox 2849 3264 3164 3350; x_wconf 89' lang='lat' dir='ltr'>prolem.”</span> 
     </span>
    </p>

    <p class='ocr_par' dir='ltr' id='par_1_3' title="bbox 712 3368 3165 3701">
     <span class='ocr_line' id='line_1_26' title="bbox 801 3368 3165 3469; baseline -0.001 -23"><span class='ocrx_word' id='word_1_224' title='bbox 801 3382 1030 3447; x_wconf 89' lang='lat' dir='ltr'>Omnia</span> <span class='ocrx_word' id='word_1_225' title='bbox 1048 3433 1064 3466; x_wconf 88' lang='lat'>‚</span> <span class='ocrx_word' id='word_1_226' title='bbox 1102 3405 1265 3469; x_wconf 90' lang='lat' dir='ltr'>quae</span> <span class='ocrx_word' id='word_1_227' title='bbox 1295 3384 1363 3447; x_wconf 92' lang='lat' dir='ltr'>in</span> <span class='ocrx_word' id='word_1_228' title='bbox 1387 3384 1558 3447; x_wconf 84' lang='lat' dir='ltr'>vitae</span> <span class='ocrx_word' id='word_1_229' title='bbox 1586 3383 1953 3447; x_wconf 89' lang='lat' dir='ltr'>discrimine</span> <span class='ocrx_word' id='word_1_230' title='bbox 1986 3382 2128 3446; x_wconf 96' lang='lat' dir='ltr'>dolo</span> <span class='ocrx_word' id='word_1_231' title='bbox 2154 3388 2265 3445; x_wconf 92' lang='lat' dir='ltr'>aut</span> <span class='ocrx_word' id='word_1_232' title='bbox 2288 3382 2526 3445; x_wconf 80' lang='lat' dir='ltr'>virtute</span> <span class='ocrx_word' id='word_1_233' title='bbox 2552 3368 2663 3445; x_wconf 83' lang='lat' dir='ltr'>aut</span> <span class='ocrx_word' id='word_1_234' title='bbox 2689 3381 3019 3445; x_wconf 89' lang='lat' dir='ltr'>celeritate</span> <span class='ocrx_word' id='word_1_235' title='bbox 3050 3387 3165 3445; x_wconf 90' lang='lat' dir='ltr'>aut</span> 
     </span>
     <span class='ocr_line' id='line_1_27' title="bbox 712 3498 3163 3587; baseline -0 -23"><span class='ocrx_word' id='word_1_236' title='bbox 712 3500 937 3565; x_wconf 89' lang='lat' dir='ltr'>robore</span> <span class='ocrx_word' id='word_1_237' title='bbox 981 3505 1094 3566; x_wconf 90' lang='lat' dir='ltr'>aut</span> <span class='ocrx_word' id='word_1_238' title='bbox 1139 3500 1362 3587; x_wconf 80' lang='lat' dir='ltr'>quovis</span> <span class='ocrx_word' id='word_1_239' title='bbox 1406 3500 1592 3565; x_wconf 92' lang='lat' dir='ltr'>modo</span> <span class='ocrx_word' id='word_1_240' title='bbox 1624 3521 1754 3564; x_wconf 92' lang='lat' dir='ltr'>non</span> <span class='ocrx_word' id='word_1_241' title='bbox 1786 3505 2081 3585; x_wconf 88' lang='lat' dir='ltr'>poterant</span> <span class='ocrx_word' id='word_1_242' title='bbox 2111 3499 2309 3563; x_wconf 83' lang='lat' dir='ltr'>vitam</span> <span class='ocrx_word' id='word_1_243' title='bbox 2343 3498 2683 3562; x_wconf 90' lang='lat' dir='ltr'>defendere</span> <span class='ocrx_word' id='word_1_244' title='bbox 2713 3548 2728 3581; x_wconf 85' lang='lat'>,</span> <span class='ocrx_word' id='word_1_245' title='bbox 2774 3498 3163 3563; x_wconf 90' lang='lat' dir='ltr'>interibant:</span> 
     </span>
     <span class='ocr_line' id='line_1_28' title="bbox 715 3615 3165 3701; baseline -0 -19"><span class='ocrx_word' id='word_1_246' title='bbox 715 3620 1036 3701; x_wconf 87' lang='lat' dir='ltr'>nonnulla,</span> <span class='ocrx_word' id='word_1_247' title='bbox 1063 3620 1182 3683; x_wconf 86' lang='lat' dir='ltr'>etsi</span> <span class='ocrx_word' id='word_1_248' title='bbox 1207 3618 1308 3683; x_wconf 91' lang='lat' dir='ltr'>his</span> <span class='ocrx_word' id='word_1_249' title='bbox 1331 3619 1623 3683; x_wconf 89' lang='lat' dir='ltr'>omnibus</span> <span class='ocrx_word' id='word_1_250' title='bbox 1655 3624 1895 3701; x_wconf 85' lang='lat' dir='ltr'>carent,</span> <span class='ocrx_word' id='word_1_251' title='bbox 1914 3618 1995 3682; x_wconf 92' lang='lat' dir='ltr'>ab</span> <span class='ocrx_word' id='word_1_252' title='bbox 2026 3617 2390 3681; x_wconf 91' lang='lat' dir='ltr'>hominibus</span> <span class='ocrx_word' id='word_1_253' title='bbox 2414 3615 2708 3680; x_wconf 88' lang='lat' dir='ltr'>utilitatis</span> <span class='ocrx_word' id='word_1_254' title='bbox 2730 3638 2921 3681; x_wconf 88' lang='lat' dir='ltr'>causa</span> <span class='ocrx_word' id='word_1_255' title='bbox 2942 3622 3165 3681; x_wconf 89' lang='lat' dir='ltr'>tamen</span> 
     </span>
    </p>
   </div>
   <div class='ocr_carea' id='block_1_3' title="bbox 723 3804 1058 3812">
    <p class='ocr_par' dir='ltr' id='par_1_4' title="bbox 723 3804 1058 3812">
     <span class='ocr_line' id='line_1_29' title="bbox 723 3804 1058 3812; baseline 0 1547"><span class='ocrx_word' id='word_1_256' title='bbox 723 3804 1058 3812; x_wconf 95' lang='lat' dir='ltr'> </span> 
     </span>
    </p>
   </div>
   <div class='ocr_carea' id='block_1_4' title="bbox 778 3938 2663 4672">
    <p class='ocr_par' dir='ltr' id='par_1_5' title="bbox 778 3938 2663 4672">
     <span class='ocr_line' id='line_1_30' title="bbox 778 3938 2613 4006; baseline -0.002 -17"><span class='ocrx_word' id='word_1_257' title='bbox 778 3942 818 4005; x_wconf 82' lang='lat'>1)</span> <span class='ocrx_word' id='word_1_258' title='bbox 888 3942 947 3989; x_wconf 81' lang='lat' dir='ltr'>V.</span> <span class='ocrx_word' id='word_1_259' title='bbox 989 3942 1106 3995; x_wconf 86' lang='lat'>187:</span> <span class='ocrx_word' id='word_1_260' title='bbox 1199 3958 1412 4006; x_wconf 81' lang='lat' dir='ltr'>namque</span> <span class='ocrx_word' id='word_1_261' title='bbox 1444 3941 1518 3991; x_wconf 85' lang='lat' dir='ltr'>ita</span> <span class='ocrx_word' id='word_1_262' title='bbox 1549 3941 1708 3990; x_wconf 85' lang='lat' dir='ltr'>multa</span> <span class='ocrx_word' id='word_1_263' title='bbox 1741 3940 1897 3990; x_wconf 84' lang='lat' dir='ltr'>modis</span> <span class='ocrx_word' id='word_1_264' title='bbox 1930 3940 2119 3989; x_wconf 91' lang='lat' dir='ltr'>multus</span> <span class='ocrx_word' id='word_1_265' title='bbox 2152 3938 2419 4002; x_wconf 85' lang='lat' dir='ltr'>primordia</span> <span class='ocrx_word' id='word_1_266' title='bbox 2451 3954 2613 3989; x_wconf 86' lang='lat' dir='ltr'>rerum</span> 
     </span>
     <span class='ocr_line' id='line_1_31' title="bbox 1198 4032 2287 4097; baseline -0.003 -11"><span class='ocrx_word' id='word_1_267' title='bbox 1198 4052 1261 4086; x_wconf 88' lang='lat' dir='ltr'>ex</span> <span class='ocrx_word' id='word_1_268' title='bbox 1293 4035 1492 4085; x_wconf 87' lang='lat' dir='ltr'>infinito</span> <span class='ocrx_word' id='word_1_269' title='bbox 1523 4033 1624 4084; x_wconf 85' lang='lat' dir='ltr'>iam</span> <span class='ocrx_word' id='word_1_270' title='bbox 1656 4040 1875 4097; x_wconf 86' lang='lat' dir='ltr'>tempore</span> <span class='ocrx_word' id='word_1_271' title='bbox 1906 4033 2095 4097; x_wconf 81' lang='lat' dir='ltr'>percita</span> <span class='ocrx_word' id='word_1_272' title='bbox 2126 4032 2287 4097; x_wconf 83' lang='lat' dir='ltr'>plagis</span> 
     </span>
     <span class='ocr_line' id='line_1_32' title="bbox 1194 4128 2437 4195; baseline -0.002 -15"><span class='ocrx_word' id='word_1_273' title='bbox 1194 4130 1589 4195; x_wconf 85' lang='lat' dir='ltr'>ponderibusque</span> <span class='ocrx_word' id='word_1_274' title='bbox 1622 4129 1726 4179; x_wconf 82' lang='lat' dir='ltr'>suis</span> <span class='ocrx_word' id='word_1_275' title='bbox 1759 4134 2059 4179; x_wconf 87' lang='lat' dir='ltr'>consuerunt</span> <span class='ocrx_word' id='word_1_276' title='bbox 2092 4128 2286 4179; x_wconf 82' lang='lat' dir='ltr'>concita</span> <span class='ocrx_word' id='word_1_277' title='bbox 2317 4128 2437 4178; x_wconf 88' lang='lat' dir='ltr'>ferri</span> 
     </span>
     <span class='ocr_line' id='line_1_33' title="bbox 1195 4224 2519 4290; baseline -0.002 -14"><span class='ocrx_word' id='word_1_278' title='bbox 1195 4225 1584 4290; x_wconf 84' lang='lat' dir='ltr'>omnimodisque</span> <span class='ocrx_word' id='word_1_279' title='bbox 1619 4226 1748 4275; x_wconf 88' lang='lat' dir='ltr'>coire</span> <span class='ocrx_word' id='word_1_280' title='bbox 1781 4234 1929 4289; x_wconf 85' lang='lat' dir='ltr'>atque</span> <span class='ocrx_word' id='word_1_281' title='bbox 1963 4224 2129 4274; x_wconf 87' lang='lat' dir='ltr'>omnia</span> <span class='ocrx_word' id='word_1_282' title='bbox 2161 4228 2488 4288; x_wconf 84' lang='lat' dir='ltr'>pertemptare</span> <span class='ocrx_word' id='word_1_283' title='bbox 2507 4261 2519 4283; x_wconf 94' lang='lat'>,</span> 
     </span>
     <span class='ocr_line' id='line_1_34' title="bbox 1196 4319 2537 4385; baseline -0.001 -16"><span class='ocrx_word' id='word_1_284' title='bbox 1196 4335 1534 4385; x_wconf 82' lang='lat' dir='ltr'>quaecumque</span> <span class='ocrx_word' id='word_1_285' title='bbox 1565 4319 1697 4369; x_wconf 88' lang='lat' dir='ltr'>inter</span> <span class='ocrx_word' id='word_1_286' title='bbox 1729 4334 1782 4369; x_wconf 88' lang='lat' dir='ltr'>se</span> <span class='ocrx_word' id='word_1_287' title='bbox 1815 4322 2016 4383; x_wconf 85' lang='lat' dir='ltr'>possent</span> <span class='ocrx_word' id='word_1_288' title='bbox 2048 4333 2309 4381; x_wconf 84' lang='lat' dir='ltr'>congressa</span> <span class='ocrx_word' id='word_1_289' title='bbox 2343 4333 2507 4367; x_wconf 79' lang='lat' dir='ltr'>creare</span> <span class='ocrx_word' id='word_1_290' title='bbox 2524 4354 2537 4377; x_wconf 94' lang='lat'><strong>‚</strong></span> 
     </span>
     <span class='ocr_line' id='line_1_35' title="bbox 1196 4412 2397 4476; baseline -0.002 -11"><span class='ocrx_word' id='word_1_291' title='bbox 1196 4420 1255 4465; x_wconf 88' lang='lat' dir='ltr'>ut</span> <span class='ocrx_word' id='word_1_292' title='bbox 1287 4431 1387 4465; x_wconf 90' lang='lat' dir='ltr'>non</span> <span class='ocrx_word' id='word_1_293' title='bbox 1419 4416 1486 4465; x_wconf 89' lang='lat' dir='ltr'>sit</span> <span class='ocrx_word' id='word_1_294' title='bbox 1517 4414 1698 4464; x_wconf 88' lang='lat' dir='ltr'>mirum</span> <span class='ocrx_word' id='word_1_295' title='bbox 1712 4450 1726 4475; x_wconf 91' lang='lat'>‚</span> <span class='ocrx_word' id='word_1_296' title='bbox 1761 4412 1806 4463; x_wconf 88' lang='lat' dir='ltr'>si</span> <span class='ocrx_word' id='word_1_297' title='bbox 1837 4412 1893 4462; x_wconf 90' lang='lat' dir='ltr'>in</span> <span class='ocrx_word' id='word_1_298' title='bbox 1924 4413 2039 4463; x_wconf 82' lang='lat' dir='ltr'>talis</span> <span class='ocrx_word' id='word_1_299' title='bbox 2073 4412 2397 4476; x_wconf 84' lang='lat' dir='ltr'>disposituras</span> 
     </span>
     <span class='ocr_line' id='line_1_36' title="bbox 1196 4507 2477 4575; baseline -0.002 -15"><span class='ocrx_word' id='word_1_300' title='bbox 1196 4509 1484 4561; x_wconf 83' lang='lat' dir='ltr'>deciderunt</span> <span class='ocrx_word' id='word_1_301' title='bbox 1512 4524 1708 4575; x_wconf 87' lang='lat' dir='ltr'>quoque</span> <span class='ocrx_word' id='word_1_302' title='bbox 1740 4513 1792 4559; x_wconf 88' lang='lat' dir='ltr'>et</span> <span class='ocrx_word' id='word_1_303' title='bbox 1822 4507 1877 4557; x_wconf 90' lang='lat' dir='ltr'>in</span> <span class='ocrx_word' id='word_1_304' title='bbox 1906 4508 2023 4558; x_wconf 79' lang='lat' dir='ltr'>talis</span> <span class='ocrx_word' id='word_1_305' title='bbox 2055 4523 2239 4557; x_wconf 85' lang='lat' dir='ltr'>venere</span> <span class='ocrx_word' id='word_1_306' title='bbox 2272 4512 2477 4567; x_wconf 66' lang='lat' dir='ltr'>meatm,</span> 
     </span>
     <span class='ocr_line' id='line_1_37' title="bbox 1197 4602 2663 4672; baseline -0.003 -16"><span class='ocrx_word' id='word_1_307' title='bbox 1197 4605 1429 4672; x_wconf 82' lang='lat' dir='ltr'>qualibus</span> <span class='ocrx_word' id='word_1_308' title='bbox 1461 4605 1582 4655; x_wconf 83' lang='lat' dir='ltr'>haec</span> <span class='ocrx_word' id='word_1_309' title='bbox 1614 4620 1779 4654; x_wconf 87' lang='lat' dir='ltr'>rerum</span> <span class='ocrx_word' id='word_1_310' title='bbox 1812 4604 2001 4669; x_wconf 86' lang='lat' dir='ltr'>geritur</span> <span class='ocrx_word' id='word_1_311' title='bbox 2032 4619 2167 4653; x_wconf 91' lang='lat' dir='ltr'>nunc</span> <span class='ocrx_word' id='word_1_312' title='bbox 2199 4618 2391 4652; x_wconf 80' lang='lat' dir='ltr'>summa</span> <span class='ocrx_word' id='word_1_313' title='bbox 2423 4602 2663 4652; x_wconf 82' lang='lat' dir='ltr'>novando.</span> 
     </span>
    </p>
   </div>
   <div class='ocr_carea' id='block_1_5' title="bbox 779 4702 1282 4767">
    <p class='ocr_par' dir='ltr' id='par_1_6' title="bbox 779 4702 1282 4767">
     <span class='ocr_line' id='line_1_38' title="bbox 779 4702 1282 4767; baseline -0.01 -13"><span class='ocrx_word' id='word_1_314' title='bbox 779 4702 820 4767; x_wconf 85' lang='lat'>²)</span> <span class='ocrx_word' id='word_1_315' title='bbox 886 4702 972 4753; x_wconf 79' lang='lat' dir='ltr'>vs.</span> <span class='ocrx_word' id='word_1_316' title='bbox 1010 4703 1282 4756; x_wconf 85' lang='lat'><strong>878—925.</strong></span> 
     </span>
    </p>
   </div>
  </div>
 </body>
</html>
