3529 5359
1896 400 2017 462 126

730 611 919 692 atque
989 604 1067 668 de
1134 604 1287 667 luna
1353 603 1624 685 similia,
1690 622 1832 666 eam
1878 607 2122 666 tantam
2170 624 2349 685 esse,
2392 579 2657 689 'quanta
2700 603 2881 667 nobis
2926 603 2993 666 in
3037 603 3163 667 alto

729 723 1018 787 videatur
1065 723 1281 806 (584),
1329 741 1474 785 cum
1521 720 1749 784 deinde
1794 742 2010 784 rursus
2054 719 2246 784 addat
2292 721 2569 785 aetheris
2612 723 2794 805 ignes
2846 721 3163 806 „pauxillo

725 861 908 927 posse
937 840 1215 903 minores
1238 858 1374 902 esse
1399 837 1504 901 vel
1535 837 1772 920 exigua
1800 837 2069 900 maiores
2098 843 2277 921 parte
2301 837 2669 924 brevique”.
2716 838 2951 902 Procul
2975 837 3163 901 dubio

727 957 990 1042 Epicuri
1059 956 1421 1041 opinionem
1466 975 1594 1018 non
1639 954 1969 1039 perspexit
2013 960 2221 1038 poeta.
2311 953 2666 1039 Epicurus,
2744 955 2993 1019 etiamsi
3037 975 3163 1017 non

727 1073 1249 1140 animadverterit
1321 1073 1508 1153 „solis
1577 1072 1821 1136 rotam”
1892 1077 2133 1135 aestate
2202 1072 2335 1135 sive
2381 1073 2447 1134 in
2492 1073 2702 1136 cancri
2746 1077 2919 1144 meta
2962 1072 3163 1135 solsti-

725 1192 863 1255 tiali
927 1190 1108 1255 nobis
1174 1189 1485 1253 minorem
1529 1187 1732 1252 videri
1780 1210 1969 1274 quam
2015 1210 2211 1274 quum
2262 1188 2602 1270 „brumalis
2646 1188 2835 1253 adeat
2878 1190 3160 1270 flexus’',

725 1314 942 1372 tamen
1007 1306 1170 1371 vidit
1237 1307 1433 1370 solem
1481 1305 1792 1369 orientem
1836 1311 1902 1368 et
1947 1304 2339 1369 occidentem
2383 1305 2688 1369 maiorem
2733 1306 2914 1368 nobis
2958 1304 3162 1368 videri

723 1447 914 1512 quam
958 1423 1307 1487 meridiano
1337 1428 1624 1508 tempore
1658 1423 2175 1508 (explicationem
2204 1423 2492 1486 invenies
2523 1423 2803 1486 Macrob.
2840 1422 2971 1486 Sat.
3006 1421 3159 1486 VII.

727 1545 848 1626 14,
926 1544 1045 1622 15).
1134 1546 1268 1605 Hoc
1328 1539 1435 1625 qui
1481 1539 1618 1602 fieri
1664 1539 1897 1623 possit,
1966 1561 2093 1603 non
2140 1541 2460 1624 explicat:
2524 1539 2678 1603 dicit
2722 1539 3159 1610 tantummodo

717 1661 916 1724 solem
977 1659 1158 1723 nobis
1205 1663 1454 1721 tantum
1500 1677 1637 1720 esse
1684 1662 1958 1741 quantus
2001 1655 2294 1721 videatur
2320 1707 2335 1738 ,
2404 1656 2572 1720 unde
2620 1657 2903 1742 sequitur
2928 1707 2944 1740 ,
3014 1678 3159 1720 eum

715 1777 1028 1842 matutino
1074 1782 1368 1860 tempore
1414 1773 1722 1837 maiorem
1769 1794 1906 1836 esse
1952 1795 2143 1858 quam
2188 1773 2455 1837 meridie
2502 1779 2567 1837 et
2598 1795 2635 1837 a
2664 1774 2929 1838 meridie
2960 1795 3159 1860 usque

716 1893 797 1958 ad
863 1913 1194 1977 vesperam
1261 1911 1478 1954 rursus
1545 1910 1848 1953 crescere.
1938 1889 2081 1953 Hoc
2150 1889 2337 1953 modo
2406 1891 2538 1954 solo
2608 1892 2803 1954 etiam
2848 1891 3158 1976 explicari

716 2016 966 2096 potest,
1034 2010 1144 2095 qui
1205 2007 1334 2075 κατ’
1379 2009 1532 2072 αὐτὸ
1579 2007 1787 2070 minor
1832 2027 1969 2070 esse
2027 2007 2228 2092 possit
2288 2007 2382 2070 sol
2426 2029 2616 2093 quam
2663 2007 2991 2073 videatur:
3062 2010 3157 2073 sol

717 2129 891 2214 ipse,
963 2132 1036 2190 ut
1104 2130 1410 2212 apparet,
1481 2124 1803 2209 aliquanto
1863 2124 2069 2187 minor
2136 2144 2361 2188 revera
2428 2145 2565 2191 esse
2630 2131 2881 2210 potest,
2967 2148 3159 2212 quam

710 2245 893 2310 nobis
973 2243 1230 2308 videtur
1322 2241 1416 2306 sol
1499 2239 1792 2304 occidens
1874 2247 1984 2304 aut
2050 2240 2277 2305 oriens
2368 2241 2551 2306 Haec
2622 2242 2907 2306 doctrina
2973 2244 3158 2308 nobis

708 2363 973 2427 fortasse
1021 2358 1293 2425 absurda
1337 2356 1590 2422 videtur
1628 2404 1643 2439 ,
1701 2357 1813 2420 sed
1858 2363 2072 2421 tamen
2116 2359 2207 2423 ita
2250 2357 2565 2445 Epicurus
2611 2359 2898 2424 docuisse
2945 2360 3156 2425 debet.

709 2481 1063 2544 Praeterea
1127 2477 1422 2541 novimus
1490 2474 1839 2560 Epicurum
1907 2480 1973 2538 et
2040 2477 2410 2539 Lucretium
2478 2477 2788 2541 eiusmodi
2855 2477 3160 2543 absurdas

715 2595 1032 2660 doctrinas
1074 2593 1344 2679 probare
1365 2641 1381 2674 ,
1429 2590 1511 2655 ad
1541 2612 1841 2655 sensuum
1874 2592 2317 2655 auctoritatem
2347 2600 2783 2677 provocantes.
2833 2595 3024 2659 Lucr.
3058 2595 3159 2658 IV

711 2716 880 2778 497:
957 2733 1112 2795 „nec
1157 2732 1344 2797 porro
1389 2715 1690 2795 poterunt
1735 2712 1999 2793 (sensus)
2043 2710 2167 2796 ipsi
2211 2711 2680 2797 reprehendere
2727 2734 2905 2795 sese,
2954 2734 3161 2799 aequa

709 2831 869 2895 fides
930 2830 1229 2916 quoniam
1293 2828 1550 2892 debebit
1596 2848 1845 2913 semper
1890 2826 2154 2913 haberi,
2222 2829 2486 2914 proinde
2530 2830 2699 2915 quod
2742 2832 2812 2893 in
2855 2836 3163 2914 quoquest

710 2947 811 3012 his
877 2948 1081 3011 visum
1151 2952 1419 3029 tempore
1444 2994 1461 3027 ,
1531 2951 1823 3008 verumst.
1889 2951 1955 3008 et
2017 2945 2069 3008 si
2136 2967 2263 3010 non
2322 2947 2559 3031 poterit
2602 2948 2765 3011 ratio
2811 2947 3157 3011 dissolvere

711 3086 968 3130 causam
1023 3112 1037 3127 .
1073 3112 1088 3127 .
1124 3112 1139 3127 .
1175 3112 1189 3127 .
1245 3069 1460 3127 tamen
1527 3068 1810 3148 praestat
1877 3062 2137 3127 rationis
2200 3070 2496 3147 egentem
2540 3064 2806 3128 reddere
2852 3064 3157 3129 mendose

715 3203 936 3249 causas
1006 3229 1021 3243 .
1057 3229 1071 3244 .
1108 3229 1122 3243 .
1157 3227 1171 3242 .
1245 3200 1436 3266 quam
1495 3180 1788 3243 manibus
1832 3180 2171 3244 manifesta
2216 3182 2345 3244 suis
2391 3182 2682 3245 emittere
2730 3204 3044 3268 quoquam
3092 3189 3157 3247 et

713 3301 952 3365 violare
996 3298 1187 3362 fidem
1231 3298 1502 3383 primam
1548 3304 1613 3361 et
1658 3298 2017 3361 convellere
2064 3304 2199 3362 tota
2240 3298 2655 3363 fundamenta
2700 3300 2928 3385 quibus
2972 3302 3155 3369 nixa·-

715 3424 818 3482 tur
885 3418 1020 3481 vita
1087 3415 1444 3502 salusque.”
1515 3452 1596 3460 ——
1659 3414 1822 3479 Cum
1881 3422 2097 3479 autem
2144 3416 2237 3480 sol
2282 3423 2414 3480 tam
2459 3440 2693 3503 parvus
2740 3420 2860 3501 sit,
2908 3419 3157 3504 quaeri-

712 3541 856 3617 tur,
953 3555 1116 3619 „qua
1181 3534 1426 3597 ratione
1490 3534 1777 3597 tantulus
1841 3533 1951 3596 ille
2011 3540 2203 3619 queat
2268 3541 2518 3598 tantum
2580 3537 2670 3599 sol
2738 3538 2989 3600 mittere
3058 3539 3155 3601 lu-

712 3650 900 3716 men”
944 3654 1001 3733 ¹).
1092 3650 1326 3714 Procul
1387 3649 1578 3713 dubio
1645 3649 1804 3713 haec
1874 3650 2207 3715 difficultas
2261 3650 2524 3737 Epicuri
2570 3654 2982 3736 sagacitatem
3025 3676 3155 3718 non

713 3767 977 3851 effugit:
1048 3766 1117 3829 in
1178 3766 1447 3851 epistola
1511 3771 1727 3829 tamen
1790 3766 1871 3829 ad
1936 3767 2315 3853 Pythoclem
2375 3768 2563 3832 huius
2622 3770 2717 3833 rei
2762 3772 3154 3835 mentionem

711 3908 840 3950 non
899 3885 1051 3948 fecit
1111 3884 1442 3948 brevitatis
1487 3905 1717 3948 causa:
1785 3891 2001 3948 monet
2046 3891 2296 3949 tantum
2342 3886 2649 3950 eiusmodi
2695 3888 3155 3973 impedimenta

712 4003 896 4068 facile
942 4023 1128 4088 posse
1173 4002 1384 4084 vinci,
1432 4002 1485 4064 si
1527 4001 1714 4065 modo
1761 4002 2147 4066 attendimus
2192 4002 2273 4066 ad
2314 4025 2416 4067 res
2462 4011 2707 4069 certas:
2770 4012 2864 4072 καὶ
2912 4012 3039 4073 πᾶν
3087 4006 3154 4073 δὲ

711 4126 784 4188 τὸ
854 4126 940 4199 εἰς
996 4128 1182 4186 τοῦτο
1228 4121 1300 4185 τὸ
1345 4124 1533 4203 μέρος
1578 4120 1847 4201 ’ἔνστημα
1889 4118 2127 4206 ῥᾳδίως
2175 4119 2654 4205 διαλυθήσεται,
2724 4127 2831 4189 ἐάν
2874 4154 2969 4203 τις
3014 4135 3155 4201 τοῖς

713 4242 1096 4323 ἐναργήμασι
1163 4241 1479 4323 προςέχῃ,
1552 4242 1703 4322 ὅπερ
1773 4240 1837 4301 ἐν
1902 4247 2037 4316 τοῖς
2097 4243 2233 4321 περὶ
2282 4242 2528 4323 φύσεως
2571 4238 2872 4325 βιβλίοις
2918 4238 3153 4307 δείκνυ-

709 4382 821 4438 μεν
850 4351 918 4437 2).
1007 4352 1113 4416 Ex
1157 4352 1256 4416 his
1298 4353 1495 4436 igitur
1539 4352 1715 4416 libris
1762 4353 1841 4417 de
1871 4360 2099 4419 natura
2125 4356 2463 4420 Lucretius
2492 4354 2747 4421 haurire
2779 4358 2987 4443 potuit
3019 4366 3151 4423 tres

774 4630 813 4694 ι)
879 4630 964 4680 Vs.
999 4632 1094 4679 590
1128 4646 1261 4695 seqq.

770 4724 811 4790 ²)
879 4725 945 4774 D.
981 4724 1040 4774 L.
1077 4724 1141 4774 X.
1180 4727 1258 4773 91.
