3529 5359
1629 370 1708 436 15

449 569 563 634 nui
606 590 814 658 neque
859 571 1116 656 augeri:
1162 573 1235 639 τὸ
1281 577 1409 639 πᾶν
1452 572 1712 659 ἄπειρον
1766 577 1918 642 εἶναι
1964 581 2061 642 καὶ
2108 574 2458 659 ἀγέννητον
2504 580 2600 641 καὶ
2641 574 2885 662 ἄφθαρ-

447 714 602 765 τον,
645 691 744 752 καὶ
785 687 923 770 μήτ’
969 686 1321 768 αὐξόμενον
1359 691 1508 772 μήτε
1536 693 1902 772 μειούμενον
1938 691 2018 774 ¹),
2065 695 2131 754 et
2160 690 2343 755 alibi:
2392 692 2644 772 καὶμὴν
2681 696 2777 756 καὶ
2808 692 2883 756 τὸ

446 807 577 869 πᾶν
615 804 706 870 ἀεὶ
737 811 1026 870 τοιοῦτον
1055 809 1134 882 ἦν
1165 806 1304 871 οἷον
1338 813 1455 871 νῦν
1485 808 1611 872 ἐστι
1644 811 1740 872 καὶ
1774 808 1862 874 ἀεὶ
1894 813 2190 873 τοιοῦτον
2221 804 2479 889 ἕσταιΞ).
2542 805 2883 871 Lucretius

445 916 618 982 idem
650 917 836 1002 dioit,
860 940 988 983 non
1010 925 1227 984 tamen
1249 920 1318 984 in
1339 920 1459 987 hoo
1483 941 1693 1004 nexu,
1718 921 1831 984 sed
1853 921 1941 986 H.
1969 923 2309 986 294—307
2338 920 2611 986 demum.
2643 921 2881 986 Mirum

445 1038 662 1098 tamen
694 1040 792 1099 eet
821 1040 1162 1121 utrumque
1193 1036 1408 1100 conari
1430 1035 1595 1102 hane
1625 1037 2009 1102 sententiam
2032 1037 2158 1102 alio
2182 1042 2557 1122 argumento
2580 1037 2848 1123 probare
2861 1087 2878 1122 ,

445 1171 676 1236 nempe
742 1150 902 1216 hoo:
971 1151 1135 1216 nihil
1201 1173 1337 1217 esse
1396 1153 1464 1218 in
1523 1152 1693 1239 quod
1735 1155 1971 1218 mutari
2014 1133 2215 1240 possit
2258 1155 2627 1219 universum
2669 1175 2879 1242 neque

447 1266 617 1353 quod
659 1268 727 1333 in
769 1268 836 1332 id
878 1269 1234 1354 ingressum
1277 1271 1698 1336 mutationem
1743 1270 1995 1336 efficiat.
2087 1271 2168 1337 D.
2215 1271 2292 1337 L.
2323 1272 2424 1355 X,
2473 1275 2599 1336 39:
2649 1274 2879 1354 „owen

444 1389 570 1471 γάρ
633 1388 799 1453 ἐστιν
860 1390 948 1464 εἷς
1009 1387 1046 1454 ὃ
1089 1386 1499 1474 μεταβάλλει.
1586 1391 1757 1474 παρὰ
1800 1391 1927 1476 γὰρ
1974 1391 2047 1456 τὸ
2092 1395 2220 1457 πᾶν
2267 1391 2458 1458 οὐθέν
2506 1393 2670 1457 ἐστιν
2716 1391 2753 1457 ὃ
2799 1391 2878 1458 ἂν

447 1502 734 1578 εἶςελδὸν
779 1508 866 1585 εἷς
903 1506 1056 1572 αὐτὸ
1084 1508 1199 1582 τὴν
1228 1503 1598 1591 μεταβολὴν
1627 1510 1980 1582 ποιῆσαιτο.
2047 1507 2237 1572 Lucr.
2269 1507 2339 1571 H
2366 1529 2380 1570 ε
2428 1509 2553 1572 305
2581 1529 2595 1571 :
2634 1528 2877 1594 „neque

445 1618 512 1682 in
580 1641 790 1686 omme
863 1642 1144 1686 seorsum
1215 1621 1385 1686 unde
1459 1628 1674 1686 coorta
1754 1628 1947 1708 queat
2006 1644 2173 1688 nova
2233 1623 2329 1688 vis
2387 1623 2753 1709 inrumpere
2811 1630 2877 1688 et

439 1741 732 1802 naturam
798 1758 1010 1802 rerum
1076 1745 1324 1804 mutare
1393 1744 1458 1804 et
1522 1745 1774 1803 vertere
1829 1739 2103 1805 motus.’'
2195 1739 2431 1804 Mirum
2478 1739 2657 1805 dieo:
2727 1762 2877 1806 nam

443 1854 517 1920 τὸ
584 1860 746 1932 πᾶν,
808 1857 880 1922 τὸ
956 1857 1152 1939 ὅλον,
1207 1863 1335 1922 τῶν
1403 1857 1579 1923 ὅλων
1647 1861 1871 1944 φύσις,
1939 1861 2065 1923 τῶν
2135 1860 2339 1924 ὄντων
2408 1861 2635 1946 φύσις,
2704 1857 2874 1944 apud

439 1971 632 2036 Luer.
679 1993 855 2036 omne
878 2022 895 2055 ,
953 1993 1199 2038 summa
1244 1980 1414 2057 tot-a,
1461 1994 1708 2038 summa
1751 1994 1969 2036 rerum
1992 2021 2009 2056 ,
2080 1994 2327 2038 summa
2371 1981 2503 2038 tota
2518 2023 2535 2058 ,
2603 1977 2877 2040 summai

442 2089 631 2152 totius
697 2110 943 2153 summ-a
966 2139 983 2172 ,
1049 2111 1266 2154 rerum
1329 2097 1571 2154 natura
1595 2139 1612 2173 ,
1687 2089 1851 2154 nihil
1916 2089 2090 2156 aliud
2144 2096 2242 2162 est
2285 2112 2476 2176 quam
2530 2097 2667 2156 tota
2709 2112 2871 2179 quae

441 2211 652 2271 exstat
693 2206 1033 2270 multitudo
1079 2213 1433 2272 atomorum
1477 2212 1544 2270 et
1587 2206 1906 2270 infinitum
1951 2207 2261 2293 spatium,
2308 2228 2423 2294 per
2466 2207 2635 2294 quod
2680 2209 2876 2274 atomi

437 2329 812 2387 moventur:
883 2323 963 2388 ab
1009 2323 1343 2410 Epicureis
1386 2323 1506 2388 hoo
1558 2324 1929 2387 universum
1972 2345 2012 2390 a
2054 2324 2292 2388 mundo
2340 2324 2719 2390 discernitur
2744 2376 2761 2409 ,
2808 2327 2875 2390 in

437 2437 557 2503 hoo
603 2441 836 2506 secutis
879 2441 1390 2527 Xenophanem,
1458 2441 1816 2526 Diogenem
1862 2440 2197 2528 plerosque
2242 2441 2419 2506 alios,
2511 2443 2644 2508 Hie
2693 2464 2875 2508 mun-

438 2555 554 2620 dus
585 2562 682 2621 est
712 2564 918 2623 totum
950 2558 1300 2645 quoddam,
1333 2558 1501 2645 quod
1533 2581 1678 2624 suas
1706 2558 1902 2624 habet
1924 2563 2137 2645 partes
2169 2581 2473 2646 suamque
2504 2560 2770 2624 formam
2787 2562 2874 2644 ³),

436 2683 537 2758 et,
583 2677 929 2743 seeundum
973 2677 1359 2765 EpicureoS,
1405 2686 1478 2743 ut
1524 2683 1698 2743 ortus
1743 2683 1840 2742 est
1864 2727 1881 2761 ,
1928 2677 2017 2743 sio
2062 2698 2311 2765 quoque
2357 2677 2631 2764 peribit:
2679 2677 2875 2743 atomi

439 2794 573 2857 eius
639 2794 764 2860 huo
831 2796 984 2861 illue
1046 2796 1413 2879 discedent3
1482 2796 1550 2859 in
1614 2794 1792 2859 aliud
1849 2796 2049 2879 igitur
2090 2796 2443 2860 mutabitur
2491 2801 2557 2860 et
2600 2796 2875 2861 mundus

435 2911 572 2997 ipse
597 2960 614 2994 ,
681 2934 808 2998 qua
849 2913 996 2977 talis
1015 2962 1032 2996 ,
1077 2935 1204 2978 non
1247 2913 1519 2999 amplius
1565 2913 1727 2996 erit3
1773 2934 1921 2977 nam
1972 2911 2446 3000 „quodcumque
2494 2913 2624 2977 suis
2667 2921 2872 2981 muta-

437 3036 574 3094 tum
633 3029 864 3093 finibus
929 3031 1065 3095 exit
1123 3032 1423 3095 continuo
1467 3029 1588 3094 hoo
1632 3051 1803 3094 mors
1850 3035 1946 3094 est
1991 3030 2161 3095 illius
2205 3030 2373 3117 quod
2417 3030 2537 3095 fuit
2582 3032 2773 3095 ante”
2796 3030 2870 3114 4).

436 3146 619 3211 Haeo
665 3154 881 3212 autem
924 3169 1133 3231 mors,
1198 3149 1333 3212 sive
1377 3147 1645 3212 mutatio
1691 3147 2045 3234 praesentis
2091 3147 2367 3231 formae,
2418 3147 2730 3213 eiusmodi
2776 3148 2871 3212 rei

438 3268 689 3328 tantum
752 3264 1117 3349 contingere
1182 3270 1394 3350 potest
1418 3314 1435 3347 ,
1503 3285 1666 3350 quae
1723 3285 1905 3329 suam
1970 3262 2167 3329 habet
2231 3262 2497 3329 formam
2559 3268 2625 3328 et
2690 3263 2870 3349 quasi

437 3380 762 3465 membra,
809 3379 976 3467 quod
1019 3386 1234 3446 tamen
1278 3381 1357 3445 de
1401 3382 1696 3446 universo
1742 3403 1871 3445 non
1914 3386 2126 3466 potest
2153 3380 2524 3466 praedicari.
2592 3379 2685 3443 At
2712 3378 2872 3444 mihi

433 3496 687 3563 videtur
743 3498 811 3562 in
869 3498 1024 3563 loeis
1074 3498 1346 3564 laudatis
1392 3497 1470 3563 de
1514 3499 1812 3563 universo
1859 3503 2162 3584 tanquam
2208 3499 2289 3561 de
2336 3499 2549 3583 κόσμῳ
2597 3495 2872 3584 quodam

435 3637 639 3681 sermo
683 3637 821 3681 esse
841 3665 858 3699 ,
910 3638 1060 3681 nam
1101 3617 1360 3704 ponitur
1401 3617 1467 3681 id
1511 3622 1750 3681 certam
1797 3614 2247 3702 definitamque
2291 3614 2559 3679 formam
2588 3613 2867 3679 habere:

433 3741 718 3809 τοιοῦτος
760 3755 854 3798 vs.
900 3736 1026 3798 294
1053 3782 1072 3814 ,
1114 3733 1256 3797 libr.
1303 3733 1392 3797 II.
1446 3754 1603 3815 „neo
1648 3733 1884 3818 stipata
1928 3732 2133 3817 magis
2163 3731 2284 3795 fuit
2327 3753 2629 3817 umquam
2671 3736 2872 3797 mate-

432 3850 551 3914 riai
609 3851 790 3936 copia
853 3871 972 3915 nee
1015 3872 1200 3938 porro
1245 3850 1591 3916 maioribus
1651 3849 2073 3914 intervalli8.”
2172 3848 2372 3913 Porro
2398 3899 2415 3932 ,
2482 3850 2594 3935 qui
2635 3849 2870 3914 mutari

433 3973 646 4053 posset
667 4016 685 4045 ‚
763 3967 886 4031 nisi
960 3974 1199 4033 certam
1271 3967 1539 4033 haberet
1610 3968 1879 4032 formam
1901 3968 1931 4030 P
2010 3966 2101 4031 At
2173 3966 2431 4052 ponitur
2502 3966 2869 4030 universum

432 4086 667 4150 mutari
709 4106 893 4172 posse
921 4135 938 4169 ,
983 4085 1037 4150 si
1079 4086 1267 4151 modo
1313 4092 1498 4150 extra
1539 4085 1607 4149 id
1638 4091 1807 4150 esset
1837 4084 2189 4172 quoddam,
2236 4082 2404 4171 quod
2432 4084 2499 4147 in
2544 4082 2611 4146 id
2638 4083 2867 4147 irrum-

432 4222 592 4288 pens
617 4252 634 4285 ,
701 4203 836 4267 eius
900 4203 1166 4268 formam
1216 4208 1514 4268 mutaret.
1561 4240 1644 4249 —-
1689 4201 1862 4267 Illud
1906 4222 2058 4286 ergo
2103 4206 2394 4268 τοιοῦτον
2438 4199 2608 4286 apud
2654 4200 2736 4265 D.
2785 4198 2862 4266 L.

500 4420 540 4486 ¹)
609 4422 741 4473 Plut.
776 4422 888 4472 adv.
925 4421 1028 4471 Col.
1064 4420 1240 4482 XIII,
1276 4424 1322 4471 3.

499 4516 538 4577 ²>
605 4518 668 4569 n.
703 4519 761 4568 L.
797 4518 884 4579 x,
921 4520 998 4567 39.

499 4612 536 4672 ⁸)
604 4612 680 4664 cf.
714 4612 776 4663 v.
811 4615 906 4662 534
939 4628 1073 4677 seqq.

499 4706 540 4773 ι)
607 4707 728 4759 111:
763 4708 874 4760 617.
