3529 5359
1812 357 1891 419 76

625 558 1000 623 mortalibus
1086 558 1381 643 coniungi
1457 579 1662 645 posse.
1783 559 2075 644 „Quippe
2152 559 2395 622 etenim
2468 559 2737 622 mortale
2810 563 3071 624 aeterno

634 677 903 760 iungere
972 682 1036 740 et
1102 699 1231 741 una
1291 677 1650 741 consentire
1722 682 1950 762 putare
1998 683 2061 740 et
2106 676 2286 760 fungi
2331 683 2555 740 mutua
2596 697 2779 762 posse
2827 676 3072 762 desipe-

625 799 798 858 rest:
869 792 1020 880 quid
1078 794 1249 858 enim
1316 794 1628 858 diversius
1696 814 1833 858 esse
1901 792 2315 878 putandumst
2373 798 2484 857 aut
2538 793 2745 878 magis
2790 793 2957 858 inter
3002 814 3071 858 se

629 908 1012 975 disiunctum
1081 910 1660 995 discrepitansque,
1739 931 1932 996 quam
1997 909 2263 973 mortale
2332 909 2501 996 quod
2567 915 2663 973 est
2731 910 3071 974 immortali

633 1032 825 1114 atque
870 1027 1134 1112 perenni
1178 1026 1464 1090 iunctum
1507 1025 1576 1089 in
1623 1026 1889 1090 concilio
1936 1046 2157 1088 saevas
2202 1025 2477 1090 tolerare
2522 1025 2871 1111 procellas”
2898 1027 2928 1088 P
2963 1025 3017 1108 ¹).

719 1144 988 1230 Saepius
1031 1144 1159 1207 iam
1203 1143 1443 1206 dictum
1490 1149 1586 1208 est
1613 1142 1735 1208 1100
1758 1143 2161 1228 potissimum
2195 1143 2402 1227 egisse
2434 1142 2783 1228 Epicureos
2814 1150 2880 1206 et
2909 1143 3074 1207 hanc

631 1259 710 1325 ob
778 1281 914 1324 rem
973 1261 1170 1326 solam
1236 1265 1480 1324 tantam
1543 1281 1649 1324 003
1714 1259 1962 1325 dedisse
2010 1281 2270 1345 operam
2316 1266 2581 1324 naturae
2629 1260 2837 1324 studio
2858 1310 2874 1343 ,
2922 1265 2992 1324 ut
3034 1281 3076 1324 a

629 1378 850 1441 mortis
894 1384 1072 1442 metu
1114 1377 1403 1442 homines
1447 1377 1811 1444 liberarent.
1900 1377 2007 1442 Ad
2050 1377 2222 1441 hunc
2266 1377 2459 1440 finem
2490 1377 2840 1462 petendum
2872 1377 3075 1440 omnis

628 1496 989 1581 pertinebat
1059 1495 1509 1560 demonstratio
1579 1495 1656 1560 de
1717 1495 1913 1560 animi
1958 1494 2364 1560 mortalitate.
2460 1494 2587 1558 Sed
2629 1493 2749 1558 1100
2793 1494 3075 1559 nondum

631 1615 783 1678 satis
829 1634 965 1678 esse
1011 1612 1384 1678 videbatur:
1434 1620 1614 1678 erant
1659 1614 1875 1700 plures
1899 1663 1915 1696 ,
1964 1634 2125 1700 quae
2172 1613 2332 1677 solvi
2377 1613 2482 1677 vel
2524 1612 2728 1676 refelli
2760 1611 3076 1676 debebant

633 1730 1054 1796 difficultates.
1145 1731 1239 1796 Ut
1285 1753 1391 1797 eas
1436 1753 1686 1819 quoque
1731 1737 2111 1812 amoveant,
2159 1709 2363 1794 multa
2416 1730 2689 1794 afferunt
2734 1735 2799 1794 et
2842 1729 3075 1816 Epicu-

631 1869 740 1912 rus
811 1854 875 1912 et
940 1849 1280 1913 Lucretius
1345 1855 1722 1933 argumenta
1747 1897 1764 1931 ,
1834 1869 1996 1935 quae
2064 1847 2233 1934 apud
2312 1853 2658 1934 utrumque
2732 1848 2863 1910 fere
2932 1853 3079 1911 sunt

633 1965 876 2030 eadem.
967 1966 1198 2031 Omnia
1265 1966 1346 2032 ad
1406 1966 1572 2030 hanc
1640 1967 2023 2030 sententiam
2088 1964 2422 2030 referenda
2490 1971 2679 2029 sunt:
2755 1965 3077 2047 ποωνέὲὲαζιε

635 2080 777 2150 δ’ἐυ
843 2089 932 2170 τῷ
999 2083 1276 2165 νομίζειν
1340 2087 1538 2166 μηθὲν
1598 2083 1763 2166 πρὸς
1823 2086 1987 2164 ἡμᾶς
2034 2084 2188 2149 εἶναι
2231 2085 2345 2148 τὸν
2391 2085 2714 2162 θάνατον,
2781 2085 2906 2148 ἐπεὶ
2950 2087 3078 2147 πᾶν

635 2202 887 2287 ἀγαθὸν
949 2205 1046 2266 καὶ
1103 2201 1291 2266 κακὸν
1339 2203 1403 2266 ἐν
1449 2205 1775 2276 αἰσθήσει,
1854 2206 2143 2284 στέρησις
2189 2198 2241 2266 δ’
2266 2204 2436 2265 ἐστὶν
2482 2203 2835 2275 αἰσθήσεως
2882 2203 2916 2264 ὁ
2962 2200 3081 2264 θά-

640 2346 830 2394 νατος
855 2318 928 2400 ²).
1018 2317 1180 2382 Cum
1239 2323 1452 2381 autem
1518 2317 1730 2382 animo
1780 2317 2085 2382 dissoluto
2132 2337 2322 2380 sensu
2366 2336 2735 2399 careamus,
2804 2337 2932 2379 non
2977 2331 3077 2398 su-

632 2458 808 2518 mus,
874 2457 1023 2500 nam
1093 2435 1451 2532 coniunctio
1498 2435 1777 2521 corporis
1823 2440 1887 2498 et
1931 2435 2127 2500 animi
2172 2436 2307 2498 sola
2350 2435 2501 2499 facit
2545 2434 2889 2498 hominem.
2982 2437 3069 2501 Τὸ

642 2551 1140 2641 φρικωδέστατον
1188 2553 1304 2618 οὖν
1372 2557 1499 2619 τῶν
1546 2558 1751 2618 κακῶν
1800 2556 1835 2618 ὁ
1882 2554 2164 2627 θάνατος
2210 2553 2401 2618 οὐθὲν
2445 2553 2612 2637 πρὸς
2657 2554 2820 2635 ἡμᾶς
2848 2602 2863 2627 ,
2930 2555 3078 2618 ἐπει-

634 2668 826 2756 δήπερ
898 2674 1050 2738 ὅταν
1117 2676 1229 2753 μὲν
1289 2672 1463 2747 ἡμεῖς
1533 2669 1693 2753 ὦμεν
1717 2718 1734 2745 ,
1807 2673 1841 2735 ὁ
1889 2669 2169 2749 θάνατος
2217 2669 2293 2735 σὺ
2338 2671 2641 2755 πάρεστιν
2668 2691 2681 2705 ·
2752 2673 2907 2736 ὅταν
2953 2666 3006 2737 δ’
3041 2674 3075 2735 ὁ

633 2790 914 2864 θάνατος
982 2794 1192 2875 παρῇ,
1257 2789 1396 2853 τόθ’
1439 2790 1613 2870 ἡμεῖς
1659 2788 1775 2853 οὐκ
1819 2790 1998 2869 ἐσμέν
2025 2834 2040 2849 .
2088 2785 2217 2852 οὔτ’
2263 2786 2381 2852 οὖν
2425 2788 2589 2872 πρὸς
2634 2791 2785 2867 τοὺς
2830 2786 3079 2866 ζῶντας

636 2908 804 2971 ἐστὶν
866 2904 1006 2971 οὔτε
1075 2908 1240 2989 πρὸς
1305 2909 1458 2980 τοὺς
1520 2904 2029 2981 τετελευτηκότας
2090 2900 2411 2991 ἐπειδήπερ
2458 2908 2596 2989 περὶ
2644 2903 2760 2979 οὓς
2802 2910 2915 2987 μὲν
2960 2904 3076 2970 οὐκ

634 3024 802 3090 ἔστιν
829 3072 846 3107 ,
894 3027 953 3090 οἱ
1000 3020 1055 3089 δ’
1086 3024 1284 3089 οὐκέτι
1331 3026 1487 3089 εἰσίν
1513 3018 1585 3106 ³).

719 3140 866 3205 Hae
926 3140 1280 3205 sententiae
1339 3162 1378 3203 a
1421 3140 1718 3203 Lucretio
1766 3158 1951 3224 porro
1995 3137 2413 3201 illustrantur.
2502 3137 2801 3202 Pericula
2844 3144 2911 3203 et
2952 3138 3072 3201 mi-

633 3258 835 3323 seriae
881 3265 1240 3345 temporum
1284 3257 1774 3343 praeteritorum
1819 3254 2021 3320 veluti
2066 3275 2319 3337 eorum,
2368 3254 2597 3340 quibus
2626 3254 2799 3320 bella
2828 3255 3078 3320 Punica

634 3376 1020 3460 gerebantur
1063 3396 1178 3439 nos
1221 3396 1349 3439 non
1395 3379 1658 3458 angunt,
1705 3372 1856 3459 quia
1898 3371 2181 3435 nondum
2228 3392 2519 3435 eramus:
2590 3372 2682 3435 ita
2726 3393 2887 3458 quae
2932 3378 3077 3457 post

631 3499 902 3558 mortem
969 3498 1251 3557 nostram
1319 3492 1511 3574 fient,
1581 3492 1775 3555 etiam
1827 3490 1917 3571 „si
1963 3495 2135 3552 terra
2178 3488 2337 3552 mari
2381 3488 2749 3553 miscebitur
2794 3494 2858 3553 et
2900 3510 3078 3553 mare

633 3610 851 3675 coelo'’
919 3609 1078 3673 nihil
1147 3615 1294 3673 sunt
1359 3608 1440 3673 ad
1483 3630 1633 3691 nos,
1681 3607 1789 3693 qui
1848 3613 1984 3670 tum
2028 3626 2157 3669 non
2204 3606 2440 3669 erimus
2464 3605 2533 3683 4).
2624 3607 2823 3670 Porro
2876 3612 2977 3687 „et
3022 3605 3079 3669 si

637 3728 766 3793 iam
827 3733 1042 3791 nostro
1091 3727 1286 3791 sentit
1331 3727 1409 3791 de
1456 3746 1756 3812 corpore,
1820 3730 2159 3811 postquam
2204 3722 2597 3806 distractast,
2656 3724 2853 3787 animi
2894 3728 3081 3790 natu-

705 4033 740 4099 ¹)
794 4032 894 4083 ·Vs.
932 4035 1202 4083 800—805.
1271 4033 1357 4084 Vs.
1407 4035 1662 4081 806-818
1713 4030 1813 4081 huc
1863 4046 1965 4081 non
2014 4030 2291 4081 referendos
2326 4046 2432 4081 esse
2464 4034 2595 4079 recte
2626 4029 2841 4080 ostendit
2872 4030 3077 4080 Lachm.

636 4130 865 4181 Ceterum
910 4128 999 4178 vix
1043 4130 1186 4179 credo
1235 4145 1310 4179 vs.
1363 4131 1584 4178 818-29
1625 4144 1714 4177 3110
1761 4128 1871 4177 1000
1902 4126 2107 4190 scriptos
2140 4142 2245 4177 esse
2263 4164 2277 4187 ,
2326 4143 2440 4176 cum
2471 4124 2757 4189 languidam
2792 4126 3079 4177 contineant

633 4224 974 4288 repetitionem
1024 4228 1424 4289 argumentorum
1439 4261 1453 4285 ,
1501 4239 1627 4289 quae
1674 4223 1777 4272 iam
1830 4221 2025 4285 saepius
2074 4226 2192 4271 sunt
2238 4226 2477 4272 tractata:
2514 4220 2662 4271 etiam
2694 4236 2866 4271 versus
2899 4224 2991 4271 805
3026 4227 3082 4272 et

631 4304 976 4384 praecedentes
1008 4319 1166 4370 multo
1198 4318 1410 4383 aptiores
1441 4318 1584 4369 nobis
1616 4318 1875 4379 videntur,
1926 4317 2015 4383 qui
2045 4322 2201 4368 totam
2232 4318 2293 4367 de
2324 4316 2623 4369 mortalitate
2655 4316 2930 4368 animorum
2962 4319 3081 4369 doc-

548 4432 554 4436 ·
633 4414 817 4466 trinam
849 4414 1159 4465 concludant.

697 4510 718 4541 ²
805 4510 868 4559 D.
904 4510 962 4559 L.
999 4509 1063 4558 X.
1104 4512 1211 4557 124.

699 4514 740 4670 ³}
811 4604 874 4653 D.
912 4604 970 4653 L.
1007 4604 1069 4652 X.
1109 4606 1216 4653 125.
1287 4602 1424 4653 Stob.
1462 4603 1596 4654 Flor.
1627 4567 1878 4654 cXVIII.
1915 4605 1993 4652 30.
2036 4602 2217 4653 Sextus
2249 4602 2417 4668 pyrrh.
2451 4602 2571 4669 hyp.
2608 4601 2713 4652 111.
2750 4604 2859 4651 229.

697 4698 740 4762 ⁴)
807 4697 892 4748 vs.
927 4700 1164 4747 830-42.
