3529 5359
1857 349 1977 410 160

698 548 866 612 Nam
919 549 972 611 si
1019 549 1356 612 statuimus
1401 569 1549 612 eum
1592 547 1756 612 hanc
1806 548 2297 633 descriptionem
2344 573 2456 614 suo
2502 552 2709 644 Marte
2754 554 3135 637 inseruisse,

699 672 996 752 putemus
1064 687 1324 730 necesse
1392 671 1491 730 est
1557 687 1704 730 eum
1772 666 2153 752 Hippocrati
2222 668 2324 731 vel
2390 669 2530 734 aliis
2576 670 2839 734 medicis
2885 692 3139 757 operam

702 784 950 849 dedisse
978 835 994 868 ,
1062 806 1206 848 cum
1277 783 1426 847 inde
1495 805 1533 848 a
1603 806 1689 848 vs.
1745 787 1909 848 1183
1954 786 2157 848 multa
2199 786 2470 870 referat,
2517 809 2680 873 quae
2725 788 2895 874 apud
2940 788 3138 854 Thuc.

699 924 827 967 non
887 903 1189 987 leguntur
1219 905 1277 986 ¹).
1373 903 1500 968 Sed
1545 903 1842 987 apparuit
1887 907 2143 987 poetam
2187 925 2534 988 numquam
2560 954 2576 987 ,
2645 911 2959 991 quatenus
3006 905 3139 991 qui-

702 1021 846 1085 dem
891 1042 926 1085 e
973 1020 1252 1084 carmine
1297 1019 1436 1083 eius
1479 1019 1773 1103 cognosci
1818 1026 2029 1105 potest
2054 1069 2071 1102 ,
2117 1021 2259 1084 aliis
2304 1020 2566 1085 Graecis
2610 1021 3001 1108 philosophis
3030 1028 3139 1087 aut

699 1139 965 1204 medicis
1031 1137 1366 1202 studuisse.
1457 1137 1625 1200 Eum
1699 1142 1915 1200 autem
1982 1137 2048 1200 in
2115 1136 2279 1202 hanc
2346 1138 2553 1224 operis
2619 1146 2865 1225 partem
2892 1190 2908 1223 ,
2978 1160 3137 1226 quae

659 1257 788 1320 -ad
853 1263 1050 1319 totum
1113 1253 1479 1339 respicienti
1545 1274 1674 1317 non
1742 1247 2083 1317 admodum
2148 1255 2361 1338 gravis
2428 1261 2492 1320 et
2559 1257 2775 1340 magni
2834 1256 3137 1320 momenti

699 1373 954 1438 videtur
977 1423 993 1456 ,
1039 1379 1288 1436 tantum
1333 1371 1612 1434 studium
1657 1371 2067 1455 impendisse,
2122 1378 2194 1435 ut
2239 1379 2532 1436 veterum
2578 1373 2966 1438 Graecorum
3009 1396 3137 1439 me-

700 1492 982 1557 dicorum
1049 1491 1282 1576 scripta
1342 1489 1736 1575 perlegeret,
1784 1510 1913 1554 non
1974 1489 2317 1554 verisimile
2362 1490 2521 1553 mihi
2563 1489 2833 1556 videtur.
2925 1490 3138 1581 Etiam

695 1610 858 1674 aliae
919 1615 1065 1672 sunt
1109 1614 1324 1693 partes
1369 1610 1596 1690 (1151,
1649 1607 1795 1690 [Th.
1863 1608 1973 1690 H,
2023 1609 2145 1690 49,
2195 1609 2306 1692 2],
2375 1610 2574 1690 1159,
2626 1610 2832 1692 1197,
2886 1611 3135 1673 1202-

702 1729 908 1809 1205,
977 1729 1176 1808 1209,
1244 1727 1434 1808 1239)
1469 1727 1556 1808 2),
1618 1746 1781 1810 quae
1828 1731 1937 1788 aut
1980 1747 2102 1788 non
2152 1726 2454 1809 leguntur
2496 1725 2667 1811 apud
2711 1725 2911 1790 Thuc.
2939 1776 2955 1809 ,
3026 1732 3135 1791 aut

697 1865 824 1908 non
869 1849 1226 1928 congruunt
1270 1864 1415 1907 cum
1459 1842 1598 1906 eius
1641 1842 1873 1907 verbis.
1943 1843 2155 1906 Munr.
2204 1849 2421 1906 censet
2462 1849 2719 1928 poetam
2766 1865 2873 1907 eos
2919 1865 3139 1908 versus

695 1963 1079 2026 scribentem
1139 1983 1266 2024 non
1327 1960 1722 2024 intellexisse
1785 1981 1947 2045 quae
1992 1959 2194 2024 Thuc.
2244 1960 2607 2046 scripserit,
2675 1982 2819 2025 cum
2864 1961 3139 2026 Romani

697 2080 983 2146 Lucretii
1050 2055 1336 2165 tempore
1396 2099 1523 2142 non
1583 2078 1821 2163 optime
1867 2098 2094 2161 graece
2142 2077 2395 2141 scirent.
2488 2078 2616 2142 Sed
2659 2078 2780 2142 hoc
2824 2079 2996 2143 idem
3040 2101 3137 2144 ar-

700 2202 1077 2281 gumentum
1142 2195 1326 2259 nobis
1383 2193 1799 2279 persuaderet
1866 2194 2239 2258 Lucretium
2303 2215 2628 2280 nunquam
2691 2194 2875 2258 illum
2926 2216 3139 2259 rerum

697 2321 1021 2399 gestarum
1091 2313 1462 2398 scriptorem
1526 2312 1810 2396 legisse,
1880 2332 2070 2397 quem
2138 2312 2359 2380 Cicero
2406 2312 2726 2376 difficilem
2771 2334 2909 2378 esse
2954 2313 3140 2377 intel-

694 2432 867 2496 lectu
935 2432 1119 2495 dixit.
1212 2430 1437 2495 Potius
1483 2430 1799 2492 credimus
1842 2428 2193 2514 Epicurum
2240 2428 2319 2492 de
2363 2430 2597 2493 morbis
2643 2429 3025 2494 scribentem
3052 2429 3095 2512 3)
3121 2480 3137 2513 ,

697 2571 840 2615 cum
910 2549 987 2612 de
1055 2555 1234 2634 peste
1293 2552 1555 2631 ageret,
1604 2546 1995 2632 Thucydidis
2056 2546 2544 2631 descriptionem
2605 2553 2894 2611 secutum
2956 2568 3095 2612 esse
3120 2596 3137 2631 ,

694 2667 1000 2732 nonnulla
1044 2665 1357 2731 addidisse
1384 2714 1401 2748 ,
1470 2664 1596 2729 alia
1619 2715 1635 2748 ,
1704 2687 1867 2751 quae
1914 2664 2307 2730 emendanda
2352 2665 2411 2729 ei
2456 2665 2823 2731 viderentur
2846 2716 2864 2750 ,
2926 2688 3139 2731 emen-

701 2784 882 2849 dasse
970 2790 1034 2847 et
1112 2782 1483 2846 Lucretium
1571 2782 1862 2865 magistri
1928 2782 2203 2866 vestigia
2267 2783 2588 2868 pressisse.
2704 2784 2866 2847 Cum
2920 2789 3137 2848 autem

696 2902 901 2966 morbi
970 2901 1224 2965 criteria
1284 2905 1496 2963 essent
1563 2899 1994 2963 enumeranda
2054 2906 2118 2963 et
2162 2900 2297 2984 ipse
2344 2898 2749 2985 Thucydides
2797 2921 2871 2965 eo
2916 2902 3135 2965 morbo

697 3019 1047 3089 laborasset
1073 3066 1090 3099 ,
1158 3039 1285 3082 non
1328 3017 1560 3080 mirum
1607 3023 1704 3079 est
1748 3016 2098 3101 Epicurum
2144 3023 2275 3080 tam
2320 3023 2613 3081 accurate
2660 3038 2807 3081 eum
2850 3024 3136 3081 secutum

699 3157 876 3218 esse,
944 3141 1015 3199 ut
1072 3134 1204 3198 fere
1265 3134 1332 3197 in
1379 3133 1670 3197 omnibus
1717 3134 1991 3197 eundem
2038 3141 2247 3198 servet
2270 3118 2593 3197 ordinem.
2687 3134 2869 3209 Quod
2916 3135 2969 3198 si
3014 3140 3137 3199 sta-

699 3254 936 3317 tuimus
983 3252 1194 3317 omnia
1235 3251 1420 3315 facile
1461 3250 1905 3336 explicantur,
1965 3272 2128 3336 quae
2173 3251 2382 3315 minus
2427 3251 2724 3316 videntur
2768 3252 3135 3337 perspicua,

699 3391 906 3458 neque
1007 3392 1150 3435 cum
1219 3370 1429 3434 Munr.
1459 3418 1475 3451 ,
1570 3374 1643 3431 ut
1712 3366 1833 3431 hoc
1899 3374 2083 3451 utar,
2161 3369 2571 3433 statuendum
2646 3376 2781 3452 est,
2879 3377 3134 3456 poetam

698 3490 887 3553 metri
931 3510 1122 3553 causa
1163 3509 1254 3551 vs.
1310 3488 1469 3551 1197
1519 3492 1813 3550 octavum
1860 3486 2029 3549 diem
2074 3486 2397 3572 scripsisse
2442 3509 2556 3572 pro
2588 3488 2857 3573 septimo
2883 3538 2899 3571 ,
2948 3510 3135 3576 quem

700 3604 902 3669 Thuc.
950 3604 1368 3686 memoravit,
1439 3625 1583 3667 cum
1628 3602 1908 3689 Epicuro
1953 3601 2117 3667 hanc
2166 3603 2653 3689 discrepantiam
2698 3605 3134 3690 imputendam

699 3743 836 3787 esse
881 3722 1066 3787 facile
1113 3720 1372 3787 concedi
1415 3721 1634 3806 possit.

766 4030 800 4093 ¹)
869 4030 946 4083 Cf.
983 4030 1149 4080 Munr.
1184 4031 1248 4080 ad
1277 4029 1410 4079 hunc
1441 4029 1620 4079 locum.

763 4126 805 4193 ⁸)
877 4126 954 4176 Cf.
989 4125 1156 4175 Munr.

764 4223 806 4289 ³)
873 4223 939 4273 D.
974 4222 1032 4272 L.
1067 4221 1149 4282 X,
1185 4223 1275 4269 28:
1344 4219 1596 4283 Epicurus
1626 4218 1854 4283 scripsit:
1892 4221 2007 4283 περὶ
2040 4219 2205 4270 νόσων
2237 4220 2375 4276 δόξαι
2409 4225 2540 4285 πρὸς
2572 4220 2795 4286 Μίθραν.
