3529 5359
1851 362 1971 424 144

673 571 883 629 tarum
929 564 1404 629 Sententiarum
1449 563 1756 628 XXXIII
1801 570 1867 628 et
1912 563 2249 629 XXXIV:
2321 566 2394 630 τὸ
2439 577 2549 646 τῆς
2598 569 2845 651 φύσεως
2880 565 3125 632 δίκαιόν

673 687 799 749 ἐστι
859 680 1203 768 σύμβολον
1268 688 1381 747 τοῦ
1452 685 1887 767 συμφέροντος
1948 685 2037 761 εἷς
2105 683 2178 746 τὸ
2245 686 2328 763 μὴ
2398 679 2717 765 βλάπτειν
2784 683 3124 760 ἀλλήλους

673 797 822 882 μηδὲ
865 797 1295 884 βλάπτεσθαι.
1370 796 1537 863 ”Ocra
1583 803 1710 862 τῶν
1756 796 1939 884 ζῴων
1981 800 2066 880 μὴ
2115 795 2389 874 ἠδύνατο
2436 802 2760 876 συνθήκας
2806 803 3126 865 ποιεῖσθαι

675 920 790 994 τὰς
859 920 1010 1004 ὑπὲρ
1056 924 1168 982 τοῦ
1213 920 1296 997 μὴ
1341 915 1658 1003 βλάπτειν
1705 916 1963 992 ἄλληλα
2007 914 2157 998 μηδὲ
2201 914 2608 1002 βλάπτεσθαι
2636 965 2652 993 ,
2723 917 2887 1004 πρὸς
2931 923 3125 982 ταῦτα

677 1037 868 1102 οὐδέν
929 1039 1095 1102 ἐστιν
1155 1033 1298 1101 οὐδὲ
1355 1032 1594 1101 δίκαιον
1639 1031 1775 1100 οὐδ’
1820 1031 2075 1112 ἄδικον,
2146 1035 2448 1112 ὡσαύτιις
2493 1031 2557 1101 δὲ
2604 1039 2700 1100 καὶ
2746 1039 2874 1100 τῶν
2918 1037 3125 1100 ἐθνῶν

676 1156 796 1218 ὅσα
861 1155 945 1235 μὴ
1006 1150 1280 1229 ὴὸὗνατο
1341 1152 1378 1227 ἢ
1423 1154 1508 1231 μὴ
1553 1150 1865 1238 ἐβούλετο
1910 1152 2027 1227 τὰς
2073 1155 2396 1228 συνθήκας
2444 1155 2757 1217 ποιεῖσθαι
2800 1153 2918 1227 τὰς
2966 1153 3117 1237 ὑπὲρ

673 1275 788 1334 τοῦ
832 1270 916 1351 μὴ
961 1266 1278 1355 βλάπτειν
1321 1265 1470 1351 μηδὲ
1515 1265 1923 1354 βλάπτεσθαι
1958 1267 2029 1351 ¹).

763 1386 922 1449 Tres
989 1391 1137 1448 sunt
1202 1384 1325 1448 loci
1392 1384 1460 1448 in
1526 1384 1646 1449 hac
1714 1385 2014 1450 carminis
2074 1390 2257 1470 parte
2283 1434 2299 1467 ‚
2368 1407 2526 1470 quos
2588 1384 2848 1448 uberius
2892 1389 3125 1450 tractat

676 1496 904 1588 poeta:
977 1500 1054 1564 de
1102 1500 1408 1564 sermonis
1451 1501 1740 1584 origine,
1806 1507 1943 1564 tum
1995 1500 2166 1565 unde
2214 1501 2381 1585 ignis
2425 1522 2579 1564 usus
2624 1507 2799 1565 ortus
2845 1501 2966 1581 sit,
3016 1501 3123 1564 de-

677 1619 869 1705 nique
915 1618 1010 1713 'de
1075 1617 1338 1682 deorum
1383 1619 1591 1682 cultus
1637 1618 1903 1703 origine.
1992 1619 2138 1683 Hae
2183 1626 2398 1704 partes
2441 1618 2915 1704 interrumpunt
2962 1617 3125 1682 ordi-

676 1757 825 1800 nem
845 1785 862 1818 ,
931 1755 1122 1821 quem
1189 1756 1380 1820 supra
1449 1735 1651 1798 secuti
1714 1756 1931 1799 sumus
1978 1741 2043 1798 015
2087 1757 2202 1822 pro
2246 1735 2491 1800 ratione
2538 1741 2893 1800 ceterorum
2938 1755 3125 1819 argu-

677 1860 1038 1932 mentorum
1105 1853 1294 1917 nimis
1361 1859 1510 1916 sunt
1571 1853 1821 1936 longae.
1912 1853 2041 1916 Hic
2101 1874 2319 1917 rursus
2387 1852 2661 1937 vestigia
2719 1853 3081 1916 invenimus
3104 1902 3121 1934 ,

679 1991 842 2056 quae
913 1970 1181 2034 doceant
1247 1970 1528 2035 carmina
1595 1991 1722 2034 non
1788 1970 2071 2055 perfecta
2130 1975 2197 2033 015
2264 1969 2588 2035 elaborata
2647 1991 2785 2035 esse
2828 1993 2868 2034 a
2911 1977 3121 2056 poeta.

679 2089 915 2154 Procul
976 2087 1168 2152 dubio
1229 2088 1450 2172 gravia
1508 2087 1667 2152 haec
1729 2093 2110 2172 argumenta
2161 2094 2389 2173 poetae
2433 2087 2571 2152 visa
2614 2095 2802 2161 sunt,
2849 2094 2913 2152 et
2958 2088 3125 2153 hanc

679 2206 760 2272 ob
806 2227 942 2270 rem
989 2205 1226 2289 digna,
1275 2225 1438 2290 quae
1485 2205 1799 2290 copiosius
1846 2210 2338 2290 exponerentur.
2415 2204 2601 2279 Quod
2645 2226 2791 2269 cum
2834 2205 3120 2289 fecisset,

679 2329 929 2408 tempus
999 2322 1060 2386 ei
1123 2322 1398 2386 defuisse
1442 2321 1698 2385 videtu'r
1744 2328 1816 2385 ut
1860 2322 1928 2385 in
1973 2343 2213 2386 nexum
2260 2327 2613 2386 ceterorum
2660 2343 2737 2386 ea
2780 2323 3121 2388 intexeret.

765 2441 1061 2506 Fortasse
1133 2441 1327 2504 etiam
1387 2445 1579 2525 poeta
1642 2439 1712 2503 in
1779 2440 1993 2504 animo
2056 2439 2280 2504 habuit
2351 2445 2555 2503 totum
2617 2462 2776 2526 opus
2818 2440 3079 2505 reficere
3102 2491 3120 2524 ,

679 2557 859 2622 cuius
922 2556 1184 2621 alterius
1245 2555 1542 2619 editionis
1604 2554 1727 2618 hae
1774 2561 1991 2641 partes
2036 2562 2167 2619 tres
2213 2555 2341 2619 sint
2388 2531 2785 2639 fragmenta,
2833 2556 3001 2642 quod
3046 2577 3121 2620 eo

676 2675 881 2760 magis
981 2675 1118 2740 veri
1194 2674 1398 2739 simile
1475 2681 1572 2737 est
1654 2672 1823 2760 quod
1905 2673 2217 2760 quaedam
2282 2673 2430 2739 illae
2504 2674 2872 2757 continent,
2960 2696 3121 2761 quae

677 2793 830 2857 alibi
898 2814 1148 2880 quoque
1210 2798 1661 2856 memorantur.
1753 2793 1832 2856 In
1891 2792 2157 2855 Diodori
2210 2792 2644 2877 descriptione
2692 2792 2769 2856 de
2817 2793 3121 2857 sermonis

679 2911 924 2995 origine
1005 2916 1150 2995 post
1238 2910 1450 2975 locum
1539 2932 1731 2995 supra
1804 2909 2126 2973 laudatam
2195 2910 2449 2994 agitur,
2542 2916 2884 2996 antequam
2958 2912 3121 2995 ignis

679 3035 744 3093 et
803 3028 1079 3092 vestium
1158 3049 1308 3091 usus
1377 3028 1751 3113 explicatur.
1842 3026 2036 3112 Apud
2098 3028 2471 3092 Lucretium
2545 3029 2709 3092 1028
2757 3050 2965 3114 seqq.,
3011 3028 3120 3092 ubi

680 3145 758 3210 de
804 3146 1061 3230 linguae
1109 3145 1353 3228 origine
1398 3145 1651 3228 agitur,
1700 3165 1814 3207 suo
1846 3145 1983 3208 1000
2014 3166 2141 3207 11011
2172 3145 2439 3230 scriptos
2472 3166 2608 3209 esse
2640 3151 2947 3230 apparet,
2980 3166 3121 3210 011111

679 3283 772 3326 νε.
840 3264 1005 3326 1022
1051 3262 1152 3325 »de
1221 3282 1511 3325 sermone
1580 3261 1855 3347 quodam
1920 3262 2050 3325 iam
2110 3262 2404 3348 loquatur
2450 3269 2514 3326 et
2559 3264 2933 3349 praesertim
2980 3286 3120 3328 cum

680 3401 771 3444 νε.
850 3381 1013 3444 1012
1100 3379 1227 3442 iam
1310 3378 1787 3442 matrimonium
1869 3386 2256 3443 memoretur
2325 3386 2390 3444 et
2451 3402 2542 3445 νε.
2612 3384 2775 3447 1019
2843 3383 3121 3446 amicitia

680 3497 964 3582 coepisse
1008 3495 1190 3580 iungi
1238 3495 1502 3559 dicatur.
1594 3495 1901 3582 Reliquas
1947 3496 2102 3560 duas
2146 3502 2361 3581 partes
2406 3518 2550 3560 cum
2595 3504 2729 3562 150150
2776 3519 2968 3583 opere
2996 3520 3119 3563 non

679 3620 827 3699 apte
896 3634 1034 3677 esse
1104 3612 1473 3677 coniunctas
1533 3619 1801 3697 apparet
1867 3634 2012 3676 cum
2074 3634 2165 3676 vs.
2226 3616 2377 3677 1091
2438 3614 2634 3695 „illud
2678 3616 2744 3678 in
2788 3614 2889 3679 his
2934 3616 3117 3679 rebus

679 3732 911 3796 tacitus
978 3752 1060 3795 110
1120 3731 1284 3795 forte
1327 3729 1679 3815 'requiras’‘
1741 3729 1995 3793 hiatum
2056 3732 2236 3817 quasi
2304 3732 2536 3795 sarcire
2606 3708 2833 3796 debeat
2902 3740 2967 3796 et
3028 3755 3115 3796 νε.

685 3850 846 3912 1161
898 3869 1070 3934 seqq.
1094 3898 1110 3931 ‚
1156 3848 1267 3911 ubi
1315 3847 1394 3911 (10
1442 3847 1702 3912 (100111111
1749 3848 1957 3912 cultus
1990 3848 2235 3932 origine
2266 3848 2518 3933 agitur,
2567 3870 2711 3913 cum
2740 3850 3117 3935 praeceden-

679 3966 892 4048 tibus,
939 3966 1049 4052 qui
1092 3986 1394 4050 magnam
1439 3966 1918 4029 conversionem
1962 3966 2031 4029 in
2074 3967 2423 4051 primorum
2467 3966 2797 4031 hominum
2830 3968 3114 4033 convictu

681 4092 941 4150 narrant
985 4086 1262 4168 factam,
1310 4086 1559 4149 nullum
1603 4085 1881 4151 habeant
1925 4088 2180 4151 omnino
2227 4088 2573 4152 vinculum.

766 4203 1057 4287 Linguae
1104 4203 1415 4287 originem
1459 4210 1651 4290 poeta
1697 4204 1786 4269 sic
1815 4210 2047 4269 narrat.
2141 4206 2233 4269 Ut
2265 4227 2483 4270 omnes
2515 4212 2757 4271 ceteras
2788 4213 2956 4269 artes
2984 4255 2999 4288 ,
3034 4206 3113 4269 sic

683 4341 933 4406 quoque
986 4320 1230 4402 „varios
1273 4320 1532 4404 linguae
1581 4320 1824 4384 sonitus
1869 4326 2098 4385 natura
2142 4322 2395 4406 subegit
2438 4323 2727 4405 mittere,
2787 4329 2851 4386 et
2883 4323 3115 4386 utilitas

683 4436 1000 4521 expressit
1044 4435 1303 4499 nomina
1347 4458 1562 4501 rerum
1588 4486 1604 4521 ,
1651 4457 1781 4501 non
1828 4437 1953 4501 alia
1981 4437 2174 4522 longe
2202 4439 2449 4503 ratione
2481 4444 2673 4525 atque
2700 4438 2841 4525 ipsa
2870 4439 3114 4503 videtur

749 4696 788 4763 ι)
858 4696 922 4745 D.
958 4696 1016 4747 L.
1051 4696 1136 4758 x,
1173 4699 1282 4746 150.
