3529 5359
1912 359 1993 420 26

817 558 1000 624 Haec
1066 558 1411 645 primordia
1467 561 1665 646 igitur
1726 565 1873 624 sunt
1926 560 2192 624 minima
2234 581 2501 645 corpora
2526 610 2542 643 ,
2612 561 2783 647 quod
2824 567 3042 625 tamen
3088 561 3171 624 sic

729 674 1236 759 intellegendum
1283 683 1414 740 est:
1461 677 1725 740 minima
1772 682 1919 740 sunt
1965 697 2246 762 corpora,
2294 698 2457 762 quae
2502 698 2619 763 per
2650 698 2717 741 se
2752 684 3004 741 exstare
3037 698 3169 762 pos-

729 791 897 874 sint3
959 791 1199 856 habent
1243 814 1397 857 vero
1441 799 1700 879 parteS,
1748 815 1906 880 quas
1951 794 2288 878 cogitando
2334 795 2622 858 invenire
2656 816 3020 880 possumus3
3066 795 3171 859 sed

731 906 853 972 hae
922 916 1136 994 partes
1203 931 1529 996 nunquam
1597 911 1677 974 ab
1741 916 1875 974 toto
1938 912 2127 974 avelli
2172 918 2435 996 possunt
2480 933 2689 998 neque
2735 934 2849 998 per
2892 933 2960 977 se
3007 934 3168 996 esse3

731 1027 928 1090 atomi
973 1027 1168 1111 igitur
1212 1049 1340 1092 non
1387 1048 1471 1091 ex
1516 1028 1769 1092 illarum
1816 1029 1928 1110 (sic
1971 1034 2146 1092 recte
2192 1028 2421 1092 Munro
2470 1031 2622 1112 611)
2670 1035 2988 1094 conventu
3033 1035 3171 1094 sunt

733 1150 944 1226 ortae,
1011 1144 1123 1208 sed
1191 1145 1269 1208 ab
1337 1145 1508 1209 omni
1577 1146 1959 1210 aeternitate
2006 1145 2274 1209 eandem
2319 1145 2642 1210 habebant
2688 1148 2975 1211 formam.
3068 1147 3171 1210 Se-

733 1261 1010 1324 cundum
1057 1262 1538 1326 similitudinem
1587 1263 1754 1327 enim
1802 1263 2070 1327 aliorum
2117 1285 2449 1350 corporum
2476 1314 2493 1347 ,
2541 1286 2705 1351 quae
2738 1266 3171 1330 extremitates

734 1382 800 1442 et
845 1380 1173 1443 cacumina
1216 1378 1498 1462 habent,
1547 1380 1865 1466 Epicurus
1925 1381 2187 1468 eiusque
2248 1383 2564 1467 interpres
2609 1382 2948 1446 Lucretius
2990 1383 3172 1445 ratio-

733 1496 1043 1560 cinantur.
1133 1498 1478 1562 Praeterea
1543 1498 1683 1583 ipsa
1745 1497 2032 1563 doctrina
2098 1500 2303 1584 poscit
2372 1506 2615 1564 atomos
2683 1499 2921 1564 habere
2968 1499 3173 1584 plures

733 1614 966 1679 formas
993 1636 1007 1678 :
1056 1615 1368 1678 varietate
1415 1616 1586 1679 enim
1631 1620 1989 1679 atomorum
2021 1616 2364 1680 formarum
2393 1617 2556 1682 varii
2588 1638 2888 1680 sensuum
2918 1616 3174 1680 affectus

734 1731 1137 1816 explicantur
1213 1731 1353 1813 (IV.
1419 1734 1542 1796 648
1608 1738 1789 1818 sqq.).
1880 1733 2308 1798 Inveniuntur
2374 1733 2757 1820 quadratae,
2828 1731 3171 1814 rotundae,

732 1849 912 1913 uncis
955 1849 1284 1935 praeditae
1331 1855 1395 1913 et
1438 1849 1656 1913 multis
1687 1850 1829 1914 aliis
1859 1849 2063 1914 modis
2098 1856 2497 1914 constructae
2538 1849 2579 1932 ¹)
2608 1872 2622 1914 :
2672 1871 2815 1913 cum
2850 1855 3062 1912 autem
3090 1848 3175 1912 ita

735 1966 864 2030 sint
929 1967 1236 2032 formatae
1263 2015 1279 2048 ,
1326 1966 1463 2031 fieri
1510 1988 1637 2031 non
1690 1973 1935 2052 potest,
2000 1968 2152 2053 quin
2199 1967 2563 2031 intellectus
2608 1967 2676 2029 in
2722 1966 2800 2030 iis
2868 1966 3175 2030 discernat

740 2089 954 2169 partes
979 2082 1049 2166 2).
1142 2084 1436 2170 Denique
1501 2084 1624 2148 nisi
1672 2085 1869 2148 atomi
1915 2085 2181 2149 minima
2225 2090 2439 2148 essent
2484 2104 2752 2169 corpora
2776 2132 2797 2170 ,¹
2863 2105 3025 2170 quae
3069 2103 3175 2168 per

739 2222 806 2266 se
853 2207 1107 2266 exstare
1152 2208 1446 2288 possent,
1507 2202 1620 2266 sed
1666 2202 1719 2266 si
1763 2209 1994 2268 natura
2061 2203 2187 2266 iam
2257 2208 2500 2266 atomos
2566 2202 2734 2287 ipsas
2778 2202 2845 2264 in
2890 2201 3177 2264 minimas

739 2339 959 2383 earum
1001 2325 1218 2405 partes
1279 2319 1645 2387 dissolvere.
1692 2325 2099 2402 consuesset,
2157 2320 2246 2384 nil
2304 2340 2387 2383 ex
2427 2319 2555 2383 illis
2600 2319 2883 2404 reparari
2929 2323 3174 2404 posset,

736 2437 1036 2524 quoniam
1081 2458 1245 2524 quae
1291 2437 1484 2501 nullis
1517 2438 1565 2521 3)
1635 2443 1782 2501 sunt
1828 2437 2117 2524 partibus
2184 2436 2475 2522 praedita
2494 2487 2509 2518 ,
2578 2458 2707 2500 non
2762 2441 3029 2522 possunt
3072 2456 3175 2518 ea,

735 2576 898 2642 quae
950 2555 1284 2640 „genitalis
1329 2556 1670 2619 materies”
1731 2555 1970 2620 habere
2016 2561 2207 2642 atque
2254 2555 2540 2620 efficere:
2610 2555 2821 2620 varios
2866 2575 3177 2635 conexuS,

734 2672 1059 2760 pondera,
1113 2673 1336 2759 plagas
1355 2722 1372 2756 ,
1419 2694 1792 2755 concursus,
1840 2677 2051 2737 motus
2080 2669 2153 2754 4).

821 2791 1005 2857 Haec
1051 2791 1264 2855 omnia
1308 2811 1391 2855 ex
1435 2790 1698 2877 Epicuri
1744 2790 2033 2855 doctrina
2083 2810 2222 2854 esse
2269 2789 2631 2875 depromta,
2675 2796 2901 2875 postea
2942 2788 3180 2875 patebit

731 3103 864 3165 εἴπῃ.
902 3101 981 3152 ὅτι
1014 3100 1213 3162 ἄπειροι
1247 3099 1387 3161 ὄγκοι
1421 3097 1478 3147 ἓν
1512 3116 1616 3147 τινι
1666 3094 2011 3160 ὑπάρχουσιν
2046 3097 2076 3150 ἢ
2112 3095 2459 3155 ὀπηλικοιοῦν,
2497 3093 2604 3144 ἔστι
2638 3096 2821 3152 νοῆσαι
2857 3096 2965 3149 πῶς
2999 3092 3111 3141 τ’ἃν
3126 3090 3179 3140 ἔτ·

735 3196 1120 3260 πεπερασμένον
1154 3197 1291 3245 τοῦτ’
1323 3196 1396 3254 εἴη
1433 3198 1491 3245 τὸ
1529 3192 1740 3259 μέγεθος
1762 3206 1775 3217 ·
1808 3189 2017 3251 πηλίκοι
2050 3192 2150 3255 γάρ
2185 3207 2321 3249 τινες
2358 3188 2538 3255 (ὄντες)
2572 3186 2732 3249 δῆλον
2765 3190 2832 3247 ὡς
2864 3188 2955 3237 οὐκ
2988 3188 3180 3251 ἄπειροι

740 3292 864 3343 εἰσιν
897 3291 1066 3355 ὄγκοι,
1101 3295 1216 3339 cett.

805 3386 844 3450 ¹)
912 3386 988 3436 cf.
1023 3386 1110 3435 lib.
1149 3385 1206 3436 11
1240 3389 1291 3434 et
1325 3384 1401 3435 IV
1437 3382 1638 3448 passim.

803 3482 841 3540 ²)
909 3482 974 3530 D.
1001 3481 1058 3531 L.
1083 3480 1164 3541 X,
1191 3483 1267 3529 58.
1294 3479 1438 3529 Lucr.
1467 3478 1494 3529 Ι
1511 3514 1526 3539 ,
1563 3480 1656 3527 599
1692 3493 1799 3542 sqq.
1834 3476 2045 3525 Versum
2070 3476 2180 3535 599,
2208 3478 2267 3523 ut
2287 3472 2475 3537 opinor,
2512 3472 2701 3523 codices
2725 3488 2900 3521 sanum
2921 3470 3179 3535 praebent:

737 3581 878 3637 „tum
909 3591 1052 3639 porro
1085 3574 1317 3639 quoniam
1351 3580 1426 3623 est
1457 3578 1733 3623 extremum
1768 3572 1997 3636 quodque
2020 3584 2254 3619 cacumen
2288 3567 2501 3632 corporis
2529 3566 2686 3637 illius,
2712 3572 2827 3616 cett.
2853 3566 3042 3629 Corpus
3062 3565 3187 3615 illud

737 3672 844 3722 sine
876 3671 1028 3721 dubio
1060 3677 1136 3721 est
1168 3675 1362 3719 atomus
1385 3706 1400 3731 ‚
1449 3684 1576 3734 quae
1609 3668 1881 3717 secundum
1914 3664 2192 3729 analogiam
2225 3663 2436 3713 aliorum
2468 3678 2726 3726 corporum
2758 3678 2860 3713 non
2891 3677 3043 3711 unam
3074 3678 3186 3710 cum

736 3765 942 3831 reliquis
975 3765 1150 3815 atomis
1183 3765 1333 3814 habet
1365 3763 1572 3814 formam
1611 3762 1688 3822 (ΙΙ
1709 3799 1722 3823 ,
1774 3764 1902 3821 336).
1972 3761 2215 3811 Munrous
2236 3796 2248 3818 ,
2302 3758 2385 3808 cui
2434 3757 2477 3808 si
2508 3758 2673 3809 locum
2706 3757 3062 3807 emendandum
3094 3772 3185 3819 pu·

738 3867 894 3912 tarem
913 3898 926 3921 ,
961 3860 1050 3910 uni
1083 3859 1310 3909 assentiri
1343 3874 1534 3922 possem
1555 3894 1568 3917 ,
1620 3856 1748 3905 hanc
1800 3872 1913 3905 cum
1946 3854 2058 3904 aliis
2098 3853 2383 3918 corporibus
2416 3852 2791 3902 similitudinem
2824 3851 3190 3915 exprimendam

739 3974 846 4009 esse
895 3961 1061 4007 censet
1113 3957 1191 4019 (ut
1239 3952 1486 4017 Epicurus
1533 3952 1598 4001 D.
1636 3951 1693 4001 L.
1731 3954 1821 3999 58:
1879 3948 2044 4015 ταύτῃ
2096 3950 2163 4013 τῇ
2212 3947 2471 4014 ἀναλογίᾳ
2526 3946 2793 4007 νομιστέον
2827 3948 2910 3995 καὶ
2945 3949 3004 3997 τὸ
3037 3945 3095 3995 ἐν
3126 3947 3192 4011 τῇ

738 4056 910 4120 ἀτόμῳ
961 4053 1236 4117 ἐλάχιστον
1286 4052 1568 4113 κεχρῆσθαι
1603 4050 1870 4111 μικρότητι
1905 4047 2001 4110 γὰρ
2042 4046 2201 4095 έκεῖνο
2252 4043 2411 4104 δῆλον
2446 4045 2513 4101 ὡς
2548 4041 2763 4107 διαφέρει
2800 4044 2891 4091 τοῦ
2926 4042 3059 4092 κατὰ
3094 4043 3191 4101 τὴν

740 4150 984 4210 αἴσθησιν
1018 4152 1390 4211 θεωρουμένου,
1431 4147 1690 4210 ἀναλογίᾳ
1723 4144 1775 4195 δὲ
1812 4146 1877 4210 τῇ
1910 4143 2048 4207 αὐτῇ
2081 4142 2363 4205 κέχρηται).
2417 4138 2530 4199 Sed,
2565 4155 2677 4189 cum
2710 4136 2793 4187 hio
2826 4136 3058 4187 Lucretio
3079 4152 3193 4201 pro-

739 4246 846 4310 prie
875 4261 975 4295 non
1008 4244 1076 4295 sit
1106 4243 1244 4293 locus
1277 4244 1336 4293 de
1373 4247 1648 4292 atomorum
1681 4239 1841 4291 forma
1871 4236 2132 4298 tractandi,
2168 4236 2300 4301 quod
2332 4240 2503 4299 postea
2534 4251 2625 4305 suo
2656 4233 2769 4283 loco
2800 4233 2857 4283 in
2887 4232 2975 4282 lib.
3013 4232 3071 4283 11
3104 4232 3199 4281 ubi

742 4342 801 4391 de
835 4340 1060 4389 sensibus
1093 4337 1199 4401 agit
1216 4375 1229 4399 ,
1276 4336 1477 4386 uberius
1510 4334 1632 4385 facit
1650 4371 1662 4395 ,
1715 4333 1841 4382 mihi
1874 4337 2067 4383 constat
2082 4369 2095 4392 ,
2144 4348 2258 4381 eum
2290 4330 2373 4380 hic
2406 4336 2593 4380 atomos
2627 4328 2797 4393 quales
2832 4328 3079 4391 Epicurus
3112 4343 3198 4377 eas

742 4434 1022 4499 depinxerit
1039 4472 1052 4495 ‚
1087 4434 1149 4483 ob
1185 4432 1352 4483 oculos
1385 4430 1620 4482 habuisse
1637 4466 1651 4490 ,
1687 4428 1863 4479 deinde
1898 4433 1957 4478 ut
1990 4427 2185 4491 saepius
2203 4463 2217 4487 ,
2253 4428 2313 4477 de
2344 4424 2408 4477 iis
2440 4431 2694 4491 tamquam
2728 4424 2787 4473 de
2820 4439 2873 4473 re
2905 4428 3023 4473 nota
3055 4422 3197 4473 locu-

741 4534 851 4579 tum
883 4544 1006 4579 esse.
1074 4527 1150 4577 cf.
1188 4527 1251 4588 I,
1290 4528 1398 4579 749.

806 4624 846 4687 ³)
916 4622 998 4672 Ita
1028 4627 1160 4671 recte
1197 4620 1388 4673 codices
1419 4625 1470 4670 et
1505 4619 1752 4669 Munrous
1768 4654 1783 4678 ,
1818 4615 2022 4667 Lachm.
2056 4619 2109 4665 et
2142 4614 2287 4665 Bsrn.
2322 4616 2503 4663 multu.

808 4718 849 4785 4)
923 4718 1124 4768 Lachm.
1161 4724 1212 4767 et
1245 4718 1390 4767 Bern.
1425 4714 1551 4765 mihi
1573 4714 1809 4765 videntur
1841 4726 2027 4763 errasse
2061 4709 2118 4759 in
2151 4710 2466 4760 emendandis
2496 4709 2634 4759 codd.
2661 4707 2905 4759 Munrous
2926 4706 3063 4757 solus
3085 4722 3202 4771 per-
