3529 5359
1866 378 1989 441 150

706 601 835 643 non
901 602 1059 666 opus
1119 585 1234 645 est.
1333 579 1504 645 Satis
1575 581 1698 643 erit
1764 579 1819 643 si
1890 579 2355 644 ostenderimus
2422 581 2792 645 Lucretium
2859 581 3137 666 magistri

706 699 942 784 placita
999 703 1250 762 tantum
1309 697 1566 762 referre.
1660 697 1754 761 Ut
1818 696 1939 762 1100
1998 698 2217 761 videas
2268 699 2345 762 cf.
2392 720 2483 763 vs.
2532 701 2831 763 96—160
2877 721 3020 764 cum
3062 699 3136 763 D.

705 816 781 880 L.
829 815 913 880 X.
965 818 1129 898 100,
1176 837 1268 880 vs.
1323 817 1660 879 161-322
1694 836 1841 879 cum
1870 815 1950 878 D.
1985 816 2060 879 L.
2092 815 2176 879 X.
2219 818 2332 880 101
2372 821 2438 879 et
2475 818 2633 899 102,
2678 837 2771 881 vs.
2804 819 3137 881 323—378

705 954 850 997 cum
909 933 990 996 D.
1038 933 1113 997 L.
1159 931 1240 997 X.
1293 934 1416 996 103
1442 983 1458 1016 ‚
1527 932 1694 1018 quod
1740 953 1885 996 cum
1930 933 2155 996 feceris
2201 938 2266 995 et
2310 933 2380 996 in
2422 939 2704 997 mentem
2749 934 3139 998 revocaveris

707 1049 971 1135 Epicuri
1017 1049 1317 1135 epistolas
1361 1055 1492 1113 tres
1539 1071 1759 1114 eorum
1807 1056 2055 1113 tantum
2102 1070 2239 1113 esse
2287 1050 2632 1134 epitomen,
2680 1050 2938 1136 quaein
2970 1051 3141 1113 libris

711 1166 1050 1231 XXXVII
1093 1174 1232 1254 περὶ
1265 1171 1513 1253 φῦσεως
1543 1167 1857 1252 copiosius
1890 1166 2291 1251 exposuerit,
2340 1166 2585 1252 patebit
2616 1166 2988 1230 Lucretium
3016 1187 3139 1229 non

709 1305 828 1348 sua
869 1285 1134 1349 inventa
1176 1284 1449 1350 tradere.
1541 1285 1857 1370 Epicurus
1901 1282 2066 1347 hanc
2098 1290 2347 1369 partem
2379 1283 2699 1348 doctrinae
2732 1283 2905 1348 hisce
2934 1284 3141 1348 verbis

704 1401 1026 1466 concludit
1052 1405 1132 1484 ¹):
1181 1408 1278 1468 καὶ
1327 1403 1456 1468 κατ’
1504 1403 1751 1482 ἄλλους
1799 1399 1861 1468 δὲ
1908 1404 2189 1487 τρόπους
2233 1401 2539 1476 πλείονας
2583 1399 2888 1488 ἐνδέχεται
2934 1429 3141 1487 κεραυ-

705 1522 859 1596 νοὺς
927 1519 1400 1596 ἀποτελεῖσθαι,
1469 1520 1672 1600 μόνον
1720 1523 1755 1583 ὁ
1802 1522 2011 1600 μῦθος
2072 1521 2315 1586 ἀπέστω
2366 1538 2379 1551 ·
2432 1519 2687 1585 ἀπέσται
2735 1516 2831 1596 δέ,
2899 1521 3005 1583 ἐάν
3050 1547 3143 1594 τις

705 1633 916 1715 καλῶς
975 1644 1113 1711 τοῖς
1187 1637 1585 1720 φαινομένοις
1643 1634 2025 1700 ἀκολου-θῶν
2083 1638 2221 1717 περὶ
2282 1639 2410 1699 τῶν
2471 1634 2733 1725 ἆφανῷν
2800 1640 3138 1716 σημειῶται.

703 1751 870 1816 Item
936 1751 1273 1816 Lucretius
1339 1757 1483 1836 post
1543 1752 1904 1836 expositam
1974 1751 2325 1816 doctrinam
2393 1757 2609 1815 monet
2674 1773 2755 1815 ne
2815 1751 3143 1816 credamus

704 1867 1056 1953 Tyrrhenis
1119 1868 1504 1933 carminibus
1571 1869 1839 1954 aliisque
1908 1868 2217 1932 eiusmodi
2261 1867 2785 1933 hariolationibus
2829 1870 3006 1955 quasi
3054 1869 3143 1933 dii

703 1985 853 2049 irati
898 1985 1166 2049 fulmina
1210 1985 1588 2050 demittant:
1637 1986 1855 2050 inania
1901 1993 2047 2050 sunt
2090 1985 2249 2051 haec
2268 2035 2285 2070 ,
2332 1979 2476 2050 cum
2520 1986 2661 2072 ipsa
2705 1986 3143 2072 phaenomena

703 2101 784 2164 iis
829 2108 1189 2187 repugnent
1211 2101 1276 2185 ²).
1366 2101 1618 2166 Deinde
1679 2102 1998 2187 Epicurus
2042 2109 2360 2188 presteres
2390 2103 2703 2190 quomodo
2732 2103 2889 2167 fiant
2920 2103 3102 2168 docet
3124 2154 3140 2186 ,

703 2217 877 2282 idem
936 2218 1275 2282 Lucretius
1333 2239 1426 2314 vs.
1490 2220 1856 2282 423—450.
1947 2217 2125 2292 Quae
2191 2225 2329 2283 tum
2388 2219 2558 2305 apud
2604 2240 2750 2283 eum
2796 2227 3143 2306 sequuntur

709 2335 788 2400 de
834 2334 1110 2400 nubibus
1153 2357 1245 2400 vs.
1294 2338 1637 2418 451-94,
1685 2335 1764 2398 de
1809 2335 2028 2421 pluvia
2071 2357 2161 2399 vs.
2209 2335 2553 2401 495-—526
2580 2385 2596 2418 ‚
2642 2341 2715 2399 ut
2762 2357 2951 2421 supra
2982 2336 3142 2399 dixi-

702 2475 844 2518 mus
870 2503 886 2536 ,
947 2453 1265 2539 Epicurus
1331 2453 1614 2538 explicat
1671 2453 1740 2515 in
1802 2453 2071 2538 epistola
2130 2452 2210 2517 ad
2277 2453 2657 2538 Pythoclem
2716 2473 2965 2538 paragr.
3040 2457 3140 2517 99.

704 2571 884 2646 Quae
941 2571 1020 2635 de
1073 2579 1282 2636 terrae
1326 2571 1605 2635 motibus
1648 2571 2011 2635 referuntur
2054 2593 2145 2635 vs.
2195 2574 2533 2636 535—607
2581 2571 2751 2658 apud
2796 2571 3143 2657 Epicurum

702 2690 991 2755 invenies
1036 2691 1077 2753 1.
1125 2690 1166 2754 l.
1219 2692 1360 2755 105.
1449 2691 1718 2756 Poetam
1788 2696 2001 2754 tamen
2070 2690 2244 2754 aliud
2310 2690 2572 2775 Epicuri
2642 2710 2799 2775 opus
2856 2696 3142 2754 secutum

703 2828 843 2872 esse
889 2829 1078 2894 quam
1127 2807 1428 2893 epistolas
1473 2813 1742 2893 apparet
1789 2829 1874 2871 ex
1916 2807 2101 2871 initio
2145 2806 2337 2871 huius
2366 2808 2606 2893 partis,
2658 2808 2765 2871 ubi
2795 2813 2967 2871 terra
2998 2807 3144 2871 dici-

702 2930 808 2989 tur
858 2931 1116 3011 „supter
1156 2926 1313 2989 item
1343 2930 1416 2989 ut
1445 2946 1675 3010 supera
1705 2925 1986 2989 ventosis
2016 2924 2296 3011 undique
2326 2925 2517 3009 plena
2546 2926 2865 3010 speluncis
2912 2926 3141 3008 (esse)'’

703 3047 834 3107 cett
854 3091 871 3106 .
925 3042 1242 3129 „undique
1289 3042 1460 3106 enim
1505 3042 1779 3106 similem
1824 3063 1963 3106 esse
2010 3042 2105 3106 sui
2152 3063 2253 3106 res
2284 3043 2564 3127 postulat
2594 3043 2733 3128 ipsa
2754 3041 2871 3124 ³)’'.
2962 3042 3141 3107 Haec

703 3165 1024 3246 postrema
1068 3160 1264 3224 verba
1308 3160 1479 3223 enim
1522 3159 1858 3224 referenda
1904 3165 2051 3223 sunt
2096 3159 2178 3223 ad
2222 3160 2432 3243 legem
2479 3159 2557 3223 de
2591 3164 2923 3247 ἰσονομίᾳ,
2957 3182 3143 3247 quam

705 3277 982 3364 Epicuro
1041 3277 1354 3363 placuisse
1413 3276 1634 3342 Cicero
1703 3277 1899 3341 refert
1957 3278 2025 3340 in
2085 3277 2261 3341 libris
2330 3277 2409 3341 (10
2474 3278 2721 3341 Natura
2782 3278 3043 3342 deorum
3073 3276 3139 3355 4).

704 3395 1052 3459 Praeterea
1076 3416 1238 3481 quae
1269 3394 1440 3481 apud
1463 3395 1836 3460 Lucretium
1868 3395 2181 3480 copiosius
2212 3416 2401 3480 quam
2430 3395 2496 3457 in
2528 3395 2797 3480 epistola
2822 3416 3144 3481 exponun-

702 3519 808 3578 tur
877 3534 961 3577 ex
1031 3513 1277 3577 Graeco
1345 3513 1520 3577 fonte
1584 3513 1775 3577 ducta
1842 3534 1979 3577 esse
2042 3513 2341 3576 coniicias
2387 3534 2470 3576 ex
2516 3514 2829 3599 exemplis
2875 3536 2933 3577 v.
2985 3516 3142 3595 585,

702 3651 893 3717 quem
954 3630 1196 3694 fontem
1262 3631 1463 3715 ipsius
1529 3630 1795 3716 Epicuri
1842 3631 2149 3716 scriptum
2198 3630 2451 3717 aliquod
2496 3652 2633 3696 esse
2676 3633 3005 3718 probabile
3052 3639 3145 3697 est

700 3768 776 3812 οο
822 3747 992 3833 quod
1035 3747 1386 3833 Epicurum
1432 3748 1690 3812 uberius
1736 3748 1815 3811 de
1861 3748 1981 3813 hac
2027 3748 2397 3834 quaestione
2443 3749 2813 3834 exposuisse
2859 3772 3048 3835 quam
3078 3751 3145 3814 in

701 3864 974 3950 epistola
1001 3912 1017 3945 ‚
1065 3869 1333 3949 apparet
1380 3885 1464 3927 ex
1511 3864 1756 3928 Seneca
1801 3869 1929 3928 nat.
1980 3870 2222 3950 quaest.
2269 3864 2387 3929 VI.
2436 3886 2571 3950 cap.
2619 3868 2703 3930 20
2732 3867 2802 3943 ⁵).

749 4022 753 4027 -
787 3980 1127 4065 Ingeniose
1174 3987 1366 4066 poeta
1409 3981 1662 4045 Aetnae
1709 3983 2063 4067 eruptionis
2104 4004 2323 4047 causas
2354 3983 2639 4068 exponit.
2727 3984 2907 4047 Inter
2936 3984 3145 4047 omnia

703 4100 912 4183 bona,
961 4098 1194 4185 quibus
1241 4098 1502 4185 Epicuri
1549 4099 1835 4163 doctrina
1880 4106 2123 4164 ceteras
2169 4121 2387 4164 omnes
2437 4101 2810 4186 superabat,
2854 4102 2976 4166 hoc
3011 4110 3145 4167 erat

773 4302 810 4365 ¹)
881 4300 944 4350 D.
979 4301 1039 4351 L.
1076 4299 1143 4349 X.
1181 4302 1290 4351 140.

763 4396 808 4456 2)
873 4394 960 4447 Vs.
1001 4394 1277 4447 379-422.

761 4490 798 4549 ³)
866 4489 953 4542 Vs.
995 4491 1104 4539 642.

762 4586 800 4644 ⁴)
870 4585 897 4636 1
921 4622 935 4646 ,
970 4587 1065 4634 60:
1101 4583 1413 4650 „aequabilis
1443 4583 1683 4635 tributio:
1720 4588 1781 4634 ut
1811 4583 2040 4635 omnibus
2072 4584 2239 4636 omnia
2268 4585 2471 4649 paribus
2503 4585 2641 4650 paria
2672 4586 3051 4650 respondeant”.

766 4680 808 4744 ⁵)
876 4679 952 4728 cf.
989 4678 1121 4727 infra
1152 4695 1203 4742 p.
1233 4682 1340 4727 152.
