3529 5359
1850 359 1971 422 148

680 585 822 628 mus
841 613 857 646 ,
915 563 1133 649 plures
1200 583 1421 627 causas
1483 561 1950 626 enumerandas
2016 583 2154 627 esse
2179 612 2195 645 ‚
2266 584 2535 650 quarum
2581 583 2709 627 una
2752 561 3125 647 plerumque

679 702 833 746 vera
877 701 1015 744 esse
1061 679 1310 744 debeat.
1410 679 1610 761 „Sunt
1655 680 1899 765 aliquot
1930 701 2180 766 quoque
2212 701 2314 743 res
2342 730 2357 762 ,
2390 701 2659 766 quarum
2690 701 2885 744 unam
2917 679 3127 743 dicere

682 819 940 864 causam
984 819 1112 861 non
1158 797 1312 861 satis
1358 803 1455 862 est
1481 847 1499 880 ,
1545 817 1772 861 verum
1815 798 2019 882 pluris
2043 846 2060 880 ,
2106 797 2275 862 unde
2321 820 2450 862 una
2482 805 2698 862 tamen
2729 798 3131 883 811;-οο1·11118

682 924 756 982 ut
801 917 1173 982 exanimum
1218 916 1270 980 si
1317 915 1488 1002 quod
1529 918 1753 1001 procul
1799 916 1935 1002 11180
1978 916 2187 980 iacere
2218 917 2569 1002 conspicias
2598 916 2908 998 hominis,
2955 916 3027 978 fit
3057 920 3130 978 ut

681 1034 885 1097 omnis
945 1033 1156 1097 dicere
1219 1053 1442 1096 causas
1502 1033 1847 1096 conveniat
1905 1031 2058 1113 leti,
2123 1030 2369 1095 dicatur
2428 1037 2501 1096 ut
2546 1033 2717 1096 illius
2760 1009 2929 1096 una:⁸
2980 1052 3129 1094 nam

683 1171 892 1236 neque
962 1171 1111 1214 eum
1169 1149 1337 1213 ferro
1405 1169 1524 1212 nec
1591 1148 1827 1233 frigore
1886 1149 2141 1214 vincere
2209 1150 2413 1235 possis
2478 1150 2797 1214 interiisse
2840 1171 3049 1236 neque
3092 1171 3134 1214 a

682 1268 904 1332 morbo
972 1287 1182 1353 neque
1241 1266 1403 1330 forte
1471 1286 1720 1330 veneno
1747 1317 1763 1350 ,
1832 1288 2055 1331 verum
2118 1267 2359 1353 aliquid
2418 1287 2653 1351 genere
2699 1287 2837 1332 esse
2883 1288 2969 1331 ex
3011 1268 3132 1331 hoc

689 1384 861 1471 quod
925 1384 1194 1469 contigit
1239 1385 1299 1448 ei
1345 1384 1578 1448 scimus
1625 1432 1638 1446 .
1707 1385 1865 1448 item
1910 1384 1979 1447 in
2022 1383 2241 1447 multis
2284 1383 2405 1447 hoc
2448 1384 2639 1448 rebus
2684 1383 2893 1447 dicere
2936 1383 3131 1448 habe-

682 1506 866 1566 mus”
899 1504 970 1586 ¹).
1059 1502 1242 1565 Idem
1286 1501 1604 1587 Epicurus
1629 1503 1716 1584 2):
1766 1507 1862 1568 καὶ
1908 1503 1979 1568 τὸ
2027 1503 2189 1568 ὅλον
2238 1550 2703 1565 ........
2748 1502 3134 1588 πλεοναχῶς

680 1624 969 1706 ’γίνεσθαι
1013 1609 1222 1705 λέγὲιν
1267 1619 1604 1685 ἐκκαλεῖται
1651 1619 1734 1684 ra*
1784 1620 2169 1704 φαινόμενα,
2226 1617 2648 1704 „persuadent
2692 1617 3133 1703 phaenomena

683 1741 756 1799 ut
801 1735 1068 1799 eandem
1115 1756 1252 1800 rem
1298 1735 1493 1799 variis
1537 1735 1743 1800 modis
1788 1735 1927 1798 fieri
1971 1735 2320 1798 dicamus”.

773 1853 968 1918 Initio
1037 1853 1182 1916 libri
1251 1853 1459 1940 quinti
1519 1853 1646 1916 iam
1691 1853 1965 1916 vidimus
2010 1853 2385 1917 Lucretium
2428 1852 2749 1918 interdum
2796 1852 2864 1915 in
2910 1851 3132 1916 ordine

689 1971 990 2036 carminis
1043 1971 1324 2057 partium
1369 1993 1408 2035 a
1450 1971 1588 2054 via,
1651 1993 1841 2057 quam
1885 1971 2047 2035 ratio
2092 1971 2524 2056 praescribere
2568 1970 2751 2034 nobis
2796 1970 3087 2034 videatur
3112 2019 3129 2053 ,

683 2089 1012 2154 aberrasse
1039 2139 1055 2172 ,
1103 2111 1246 2153 cum
1291 2089 1610 2175 Epicurus
1655 2090 1722 2154 in
1768 2091 2051 2175 epistolis
2096 2111 2347 2175 semper
2392 2111 2539 2154 eum
2570 2090 2855 2154 ordinem
2887 2093 3131 2171 servet,

689 2228 879 2293 quem
944 2207 1267 2272 doctrinae
1328 2208 1490 2272 ratio
1535 2213 1772 2293 poscat.
1862 2208 2070 2272 Multo
2114 2209 2319 2291 magis
2361 2208 2428 2270 in
2472 2207 2632 2271 libro
2678 2207 2779 2271 VI
2820 2207 2988 2270 iusta
3031 2227 3134 2270 co-

687 2324 1022 2389 haerentia
1091 2325 1487 2389 desideratur
1511 2375 1527 2407 ,
1593 2324 1743 2389 dum
1805 2330 1997 2410 poeta
2041 2325 2482 2410 phaenomena
2525 2325 2765 2410 aliquot
2811 2324 3132 2410 explicat,

697 2463 861 2528 quae
908 2442 1085 2507 nullo
1109 2443 1484 2526 iunguntur
1527 2442 1785 2505 vinculo
1812 2492 1828 2524 ,
1876 2448 1939 2506 et
1983 2442 2214 2528 quibus
2257 2442 2325 2505 id
2369 2447 2617 2505 tantum
2664 2462 2995 2506 commune
3032 2446 3131 2504 081

690 2559 862 2623 111101·
927 2581 1036 2643 se,
1106 2559 1273 2646 quod
1339 2580 1640 2644 perversa
1709 2581 1927 2624 eorum
1989 2560 2331 2645 explicatio
2376 2559 2599 2623 falsam
2644 2559 3007 2644 opinionem
3051 2558 3131 2621 de

689 2676 907 2741 divina
951 2676 1222 2764 quadam
1267 2683 1582 2763 potestate
1626 2678 1694 2741 in
1739 2678 2067 2742 hominum
2114 2677 2341 2742 animis
2372 2685 2732 2763 susceptam
2760 2676 3130 2741 confirmare

689 2795 907 2880 possit.
995 2794 1112 2858 Est
1171 2800 1388 2887 tamen
1413 2846 1430 2879 ,
1499 2795 1608 2859 ubi
1676 2795 1829 2860 ordo
1874 2817 2087 2859 rerum
2133 2796 2346 2880 8110010
2391 2795 2602 2880 11011118
2646 2816 2835 2881 quam
2879 2815 2949 2858 re
2992 2795 3132 2879 ipsa

689 2911 1015 2994 turbetur,
1062 2911 1264 2975 veluti
1310 2912 1378 2976 in
1423 2933 1499 2976 ea
1542 2918 1744 2996 parte,
1794 2933 1955 2998 quae
2003 2911 2080 2975 de
2126 2912 2401 2975 nubibus
2446 2910 2580 2994 agit
2626 2916 2692 2974 et
2736 2911 3017 2992 tonitru,
3064 2910 3132 2973 in

687 3048 814 3113 quo
881 3048 1010 3091 non
1078 3028 1335 3113 quidem
1397 3028 1685 3091 ordinem
1747 3034 2001 3093 secutus
2046 3035 2184 3111 est,
2234 3050 2423 3116 quem
2482 3027 2922 3114 philosophiae
2966 3027 3129 3092 ratio

691 3144 1218 3229 commendabat,
1267 3144 1378 3209 sed
1422 3146 1532 3231 qui
1576 3146 1644 3209 in
1689 3145 1968 3209 carmine
2014 3146 2468 3232 praeferendus
2512 3139 2882 3210 videbatur:
2942 3152 3135 3231 poeta

691 3262 869 3326 enim
914 3269 1160 3327 certum
1204 3263 1397 3327 finem
1443 3263 1910 3349 assequendum
1956 3264 2075 3327 sibi
2119 3265 2455 3350 proponit,
2503 3269 2575 3328 ut
2619 3263 3134 3349 superstitionem

690 3381 994 3466 expellat.
1087 3382 1180 3445 Ut
1223 3380 1393 3446 hunc
1438 3382 1629 3445 finem
1675 3387 2101 3468 consequatur
2123 3431 2140 3464 ,
2188 3383 2345 3446 alias
2390 3381 2527 3445 vias
2572 3403 2762 3467 saepe
2808 3382 2980 3445 ineat
3023 3402 3134 3445 ne-

691 3518 866 3563 cesse
936 3504 1071 3581 est,
1143 3520 1330 3584 quam
1395 3498 1813 3585 philosophus
1878 3499 2089 3563 iniret.
2180 3499 2495 3584 Epicurus
2556 3499 2635 3564 de
2680 3499 2955 3563 nubibus
2998 3499 3135 3583 agit

692 3621 1034 3700 antequam
1099 3617 1209 3700 qui
1254 3616 1532 3679 tonitrua
1576 3617 1733 3680 fiant
1780 3617 2059 3702 explicet
2092 3617 2170 3700 ³);
2232 3638 2374 3680 cum
2421 3616 2768 3681 secundum
2812 3617 2947 3680 eius
2992 3616 3135 3679 doc-

689 3722 964 3814 trinam,
1010 3731 1212 3795 nubes
1257 3734 1536 3797 tonitrua
1582 3732 1879 3797 efficiant.
1970 3733 2306 3798 Lucretius
2344 3739 2560 3798 autem
2592 3735 2867 3819 primum
2896 3733 3134 3798 tonitru

693 3848 1006 3933 explicat:
1061 3847 1408 3934 „principio
1455 3848 1696 3914 tonitru
1741 3850 2115 3936 quatiuntur
2152 3846 2423 3934 'caerula‘
2459 3850 2661 3916 caeli”
2710 3856 2859 3916 cett.
2888 3849 2976 3935 4),
3022 3848 3135 3913 sed

760 4124 801 4190 ¹)
866 4125 951 4176 Vs.
989 4126 1260 4179 703—711.

669 4254 674 4257 -
756 4218 798 4281 ²)
867 4220 931 4269 D.
965 4219 1024 4270 L.
1061 4220 1126 4269 X.
1167 4224 1255 4270 100
1288 4220 1342 4270 111
1374 4221 1488 4271 fine.
1557 4221 1634 4271 cf.
1672 4226 1796 4272 113:
1836 4227 1893 4275 τὸ
1928 4222 1978 4273 δὲ
2013 4222 2137 4285 μίαν
2172 4222 2342 4274 αἰτίαν
2377 4223 2572 4275 τούτων
2605 4222 2933 4285 ἀποδιδόναι,
2974 4220 3135 4275 ’πλεο-

693 4318 868 4378 ναχῶς
902 4319 1004 4364 τῶν
1038 4300 1353 4379 φαινοῂένων
1385 4317 1796 4380 ἐκκαλουμένων,
1832 4323 2047 4383 μανικὸν
2081 4320 2165 4369 καὶ
2199 4320 2259 4369 οὐ
2295 4321 2623 4379 καθηκόντως
2657 4322 3010 4383 πραττόμενον
3033 4316 3135 4370 ὑπὸ

695 4414 799 4459 τῶν
833 4409 928 4467 τὴν
959 4407 1187 4471 ματαίαν
1222 4411 1567 4477 ἀστρολογίαν
1601 4412 1929 4472 ἐζηλωκότων
1963 4416 2047 4463 καὶ
2083 4413 2151 4471 εἰς
2186 4412 2293 4479 [τὸ]
2331 4415 2476 4463 κενὸν
2500 4411 2669 4471 αἰτίας
2694 4419 2846 4464 τινῶν
2867 4412 3136 4465 ‹iu-0626&-

694 4522 827 4563 των,
862 4504 989 4553 ὅταν
1025 4502 1185 4568 (ὅπως
1218 4505 1283 4554 ἂν
1309 4504 1348 4571 Ρ)
1389 4507 1486 4565 τὴν
1518 4508 1664 4558 θείαν
1696 4509 1848 4572 φύσιν
1881 4508 2085 4573 μηδαμῆ
2121 4511 2451 4575 λειτουργιῶν
2485 4508 2761 4560 ἀπολύωσι.

759 4598 800 4663 ³)
871 4597 934 4646 D.
970 4599 1029 4649 L.
1066 4598 1133 4648 X.
1171 4601 1250 4649 99.

758 4692 800 4758 ⁴¹)
871 4692 955 4744 Vs.
993 4697 1072 4743 96.
