3529 5359
1601 335 1722 398 133

448 539 521 602 τὸ
583 533 644 604 δὲ
706 538 929 622 ἀραιὸν
981 542 1077 603 καὶ
1123 538 1196 602 τὸ
1244 535 1538 622 χαλαρὸν
1583 537 1771 619 (οὕτω
1816 564 1955 611 πως
2000 537 2326 618 ὀνομάσας
2372 540 2469 602 καὶ
2515 542 2608 621 τῷ
2642 533 2893 622 ῥῆματι)

447 656 704 738 θερμόν.
793 652 1090 717 Alterum
1157 653 1487 717 Heraclito
1557 652 1967 717 tribuendum
2028 659 2142 716 est.
2233 652 2469 716 Docuit
2529 651 2701 715 enim
2747 671 2892 715 eva-

446 771 807 856 porationes
872 791 956 834 ex
1016 777 1188 834 terra
1231 770 1369 834 fieri
1419 776 1484 835 et
1527 771 1689 834 mari
1715 819 1731 852 ,
1802 771 1958 835 alias
2004 769 2262 856 quidem
2307 769 2551 835 lucidas
2598 775 2662 833 et
2706 768 2892 855 liqui-

450 887 594 970 daS,
662 887 818 952 alias
877 909 1029 952 vero
1077 889 1373 953 occultae.
1463 887 1526 952 A
1572 887 1800 952 lucidis
1843 888 2104 971 ignem,
2168 909 2207 952 a
2250 887 2512 974 reliquis
2557 886 2892 950 humorem

446 1006 838 1070 incrementa
881 1022 1148 1091 capere·
1219 1006 1475 1070 Priores
1520 1006 1668 1070 illae
1715 1012 1863 1070 sunt
1908 1006 2126 1090 ignes,
2174 1026 2332 1091 quos
2379 1005 2717 1070 Lucretius
2762 1025 2891 1068 me-

447 1129 650 1187 morat
693 1145 784 1186 vs,
834 1125 960 1187 660
1006 1129 1069 1186 et
1118 1125 1276 1205 702,
1346 1123 1454 1208 qui
1500 1121 1782 1208 quotidie
1828 1142 2066 1186 novum
2112 1123 2312 1187 solem
2362 1122 2646 1186 efficiunt
2676 1119 2756 1205 ¹),
2803 1121 2892 1184 al-

447 1245 624 1304 terae
685 1240 882 1304 solem
929 1239 1322 1304 occidentem
1368 1240 1777 1323 extinguunt.
1866 1240 2067 1303 Porro
2117 1239 2270 1302 dicit
2317 1238 2485 1302 diem
2530 1244 2595 1303 et
2640 1243 2892 1302 noctem

448 1363 513 1422 et
559 1379 809 1422 menses
854 1363 919 1422 et
963 1364 1376 1443 tempestates
1422 1364 1486 1421 et
1532 1379 1730 1423 annos
1777 1357 2116 1439 secundum
2161 1357 2629 1440 evaporationes
2672 1357 2919 1420 varias·

447 1475 630 1559 fieri,
700 1475 870 1561 quod
930 1475 1009 1538 de
1070 1482 1310 1540 aestate
1382 1483 1446 1539 et
1513 1474 1723 1539 hieme
1772 1475 1861 1538 sic
1907 1474 2229 1559 explicat:
2298 1479 2434 1556 „ucat
2495 1476 2557 1539 ἐκ
2615 1479 2727 1555 μὲν
2778 1480 2892 1538 τοῦ

446 1593 741 1678 λαμπροῦ
786 1594 860 1658 τὸ
907 1594 1142 1677 θερμὸν
1189 1591 1621 1676 αὐξανόμενον
1668 1597 1858 1678 θέρος
1905 1600 2145 1668 ποιεῖν,
2194 1596 2257 1658 ἐκ
2302 1589 2365 1658 δὲ
2410 1596 2523 1658 τοῦ
2570 1598 2890 1656 σκοτεινοῦ

445 1713 519 1776 τὸ
568 1711 768 1796 ὑγρὸν
816 1711 1176 1785 πλεονάζον
1223 1716 1496 1797 χειμῶνα
1544 1709 2055 1795 ἀπεργάζεσθαι.
2110 1708 2488 1789 ἀκολούθως
2535 1697 2598 1774 δὲ
2642 1711 2891 1786 τοῦτοις

447 1833 541 1893 καὶ
612 1833 750 1913 περὶ
819 1833 946 1892 τῶν
1006 1827 1228 1892 ἄλλων
1290 1828 1635 1912 αἰτιολογεῖ
1664 1823 1730 1911 2).
1822 1827 2193 1891 Lucretium
2239 1832 2455 1890 tamen
2499 1848 2583 1891 ex
2626 1826 2929 1911 Epicuri.

447 1944 697 2029 scriptis
741 1942 996 2008 haurire
1042 1944 1323 2028 potuisse
1370 1944 1571 2008 conici
1615 1950 1829 2029 potest
1873 1965 1957 2007 ex
2000 1945 2081 2008 D.
2130 1944 2205 2007 L.
2252 1944 2336 2008 X.
2386 1946 2510 2027 98,
2566 1943 2687 2008 etsi
2730 1943 2889 2007 haec

445 2062 526 2127 Ob
594 2061 972 2126 brevitatem
1017 2061 1227 2124 minus
1273 2066 1420 2123 sunt
1467 2059 1784 2125 dilucida:
1852 2065 2012 2138 μήκη
2059 2067 2301 2128 νυκτῶν
2347 2066 2445 2127 καὶ
2491 2064 2737 2148 ἡμερῶν
2781 2089 2893 2126 πα-

443 2179 819 2267 ραλλάττειν
880 2184 976 2244 καὶ
1022 2180 1191 2263 παρὰ
1236 2179 1309 2243 τὰ
1355 2183 1612 2260 ταχείας
1661 2178 1848 2254 ἡλίου
1895 2181 2172 2255 κινήσεις
2218 2183 2509 2264 γίνεσθαι
2554 2184 2650 2244 καὶ
2696 2177 2893 2244 πάλιν

444 2293 753 2383 βραδείας
813 2297 966 2380 ὑπὲρ
1027 2306 1149 2381 γῆς
1208 2296 1377 2380 παρὰ
1423 2296 1498 2361 τὰ
1543 2299 1703 2378 μήκη
1747 2297 1965 2360 τόπων
2013 2294 2544 2380 παραλλάττοντα
2575 2315 2591 2330 ·
2652 2300 2747 2360 καὶ
2795 2297 2893 2360 τό·

444 2441 607 2489 πους
654 2414 828 2492 τινὰς
875 2415 1284 2497 περαιοῦσθαι
1327 2413 1556 2498 τάχιον
1603 2412 1640 2488 ἢ
1687 2418 1781 2478 καὶ
1822 2410 2271 2498 βραδύτερον,
2318 2413 2404 2488 ὡς
2439 2416 2536 2477 καὶ
2570 2412 2711 2494 παρ’
2744 2414 2891 2495 ἡμῖν

443 2559 582 2596 τινα
627 2535 980 2615 θεωρεῖται,
1028 2533 1125 2609 οἷς
1172 2531 1526 2614 συμφώνως
1575 2527 1664 2595 δεῖ
1707 2530 1916 2615 λέγειν
1962 2533 2059 2595 ἐπὶ
2109 2534 2234 2596 τῶν
2278 2531 2617 2614 μετεώρων.

531 2647 802 2712 Formae
877 2646 1010 2711 sive
1083 2645 1469 2711 mutationes
1543 2646 1731 2711 lunae
1807 2643 1907 2709 his
1979 2652 2245 2732 possunt
2312 2645 2516 2711 modis
2560 2645 2887 2732 explicari.

445 2765 735 2829 Primum
800 2766 954 2828 luna
1020 2764 1188 2849 pilae
1257 2764 1479 2828 similis
1545 2768 1611 2827 et
1653 2763 1823 2827 inter
1867 2770 2104 2828 terram
2150 2770 2215 2828 et
2260 2764 2458 2829 solem
2503 2764 2711 2849 posita
2754 2784 2891 2827 mu-

444 2888 623 2947 tuata
674 2904 714 2946 a
759 2882 891 2945 sole
937 2882 1079 2945 luce
1125 2886 1338 2966 potest
1381 2881 1610 2962 nitere,
1658 2886 1724 2944 et
1770 2902 1884 2967 pro
1930 2880 2234 2945 distantia
2277 2902 2316 2945 a
2360 2881 2493 2945 sole
2537 2880 2745 2945 varias
2769 2880 2891 2944 for-

442 3021 578 3064 mas
660 2999 968 3085 praebere
995 3048 1011 3081 ,
1091 2998 1290 3063 donec
1372 3020 1407 3063 e
1490 2999 1752 3084 regione
1822 2999 1939 3063 soli
2013 3005 2112 3063 est
2193 2998 2488 3084 opposita
2562 3004 2629 3062 et
2700 2998 2891 3085 pleno

441 3117 682 3181 lumine
750 3117 954 3201 fulget
983 3118 1071 3199 ³),
1130 3137 1321 3202 quam
1381 3117 1877 3202 explicationem
1922 3116 2233 3203 imprimis
2276 3115 2644 3180 Democrito
2689 3115 2890 3180 tribu-

439 3236 670 3300 endam
715 3255 852 3299 esse
898 3255 1248 3299 censemuS.
1339 3234 1555 3299 Etiam
1599 3234 1738 3299 fieri
1784 3240 2036 3321 potest,
2088 3241 2157 3299 ut
2200 3234 2455 3321 proprio
2502 3234 2745 3298 lumine
2792 3234 2888 3297 ni-

440 3359 614 3436 teat,
677 3375 821 3417 cum
865 3353 1106 3417 formae
1153 3352 1291 3416 eius
1336 3353 1646 3438 explicari
1691 3354 1939 3438 possint
1983 3374 2101 3436 ec,
2164 3352 2333 3439 quod
2379 3352 2681 3417 obscurus
2725 3352 2889 3418 alius

437 3471 664 3556 globus
730 3471 968 3535 circum
1035 3469 1312 3534 lucidam
1379 3472 1596 3534 lunam
1665 3491 1733 3534 se
1801 3470 2065 3535 volvens
2132 3469 2321 3534 modo
2376 3470 2585 3534 varias
2627 3474 2886 3555 ParteS,

438 3589 625 3654 modo
695 3594 936 3672 totam,
1004 3588 1192 3652 modo
1250 3588 1409 3651 nihil
1479 3575 1816 3671 obscurat,
1887 3588 2055 3676 quod
2123 3610 2351 3675 corpus
2404 3594 2621 3652 tamen
2666 3588 2886 3653 videre

441 3729 568 3772 non
613 3729 947 3794 possumus
986 3707 1136 3793 quia
1164 3706 1406 3771 lumine
1438 3711 1614 3771 caret
1644 3706 1710 3790 4).
1758 3707 1976 3771 Tertio
2000 3707 2138 3771 loco
2170 3706 2395 3771 Berosi
2420 3706 2707 3772 doctrina
2735 3727 2889 3772 vera

442 3844 580 3889 esse
625 3830 834 3910 potest
881 3823 1205 3907 docentis,
1251 3828 1324 3887 ut
1368 3823 1476 3888 alii
1521 3844 1773 3909 quoque
1822 3823 2130 3888 Chaldaei
2159 3825 2205 3907 ⁵)
2232 3872 2249 3907 ,
2309 3823 2528 3887 lunam
2573 3844 2710 3888 esse
2754 3823 2887 3908 glo-

438 3944 634 4026 bum,
703 3943 883 4008 cuius
941 3943 1144 4007 altera
1208 3963 1354 4027 pars
1399 3942 1481 4005 sit
1526 3941 1738 4006 lucida
1761 3992 1779 4025 ,
1848 3942 2051 4007 altera
2095 3942 2312 4007 autem
2359 3943 2627 4008 obscura
2650 3993 2667 4026 ,
2740 3964 2885 4007 cum

506 4205 541 4267 ¹)
611 4202 764 4253 Arist.
799 4201 1003 4251 Meteor.
1039 4200 1098 4251 ΙΙ
1122 4236 1136 4262 ,
1173 4202 1234 4261 2,
1271 4202 1400 4261 365,
1435 4217 1497 4262 a,
1536 4204 1612 4251 12.

503 4298 546 4365 ²)
617 4297 764 4363 Diog.
799 4298 858 4347 L.
895 4297 1004 4358 IX,
1043 4299 1066 4345 1
1093 4332 1108 4358 ‚
1142 4298 1210 4357 9,
1249 4298 1343 4357 10,
1381 4298 1456 4347 11.

504 4393 546 4458 ³)
611 4393 699 4445 Vs.
738 4393 978 4444 705—14.

505 4488 546 4553 ⁴)
616 4487 703 4538 Vs.
741 4487 979 4541 715—19.

503 4582 544 4649 ⁵)
614 4581 888 4633 Oleomcdis
919 4580 1008 4631 lib.
1044 4584 1074 4631 2
1123 4596 1228 4644 cap.
1265 4583 1311 4629 4.
1379 4578 1602 4631 Vitruvii
1632 4578 1720 4629 lib.
1756 4583 1787 4628 9
1821 4595 1927 4644 cap.
1964 4586 2010 4630 4.
2079 4580 2157 4631 of.
2194 4579 2435 4632 Gassendi
2469 4578 2729 4630 Animadv.
2763 4583 2883 4630 tom.

442 4678 518 4729 ΙΙ.
551 4693 664 4743 pag.
699 4679 810 4727 862.
