3529 5359
1543 453 1620 516 81

355 652 594 717 bantur
619 705 635 737 ,
703 655 1140 720 Democritum
1207 663 1563 741 sequentes,
1655 656 1817 720 Cum
1862 656 2032 720 enim
2078 677 2153 720 ea
2195 677 2264 720 re
2312 678 2463 722 vera
2507 678 2643 721 esse
2690 678 2799 721 ne-

357 791 516 855 gare
561 773 844 855 nollent,
889 794 1096 859 neque
1143 773 1453 837 affirmare
1500 794 1576 836 ea
1619 774 1842 837 inanes
1890 795 2025 838 esse
2071 774 2422 838 animorum
2454 773 2799 860 imagineS,

360 909 444 952 eo
474 890 609 975 ipso
640 891 1028 974 cogebantur
1051 896 1123 954 ut
1145 891 1483 954 veritatem
1512 891 1590 954 iis
1621 891 1991 955 tribuerent.
2022 892 2220 956 Porro
2251 893 2549 978 quoniam
2580 914 2801 957 secun-

361 1008 518 1072 dum
583 1008 930 1094 Epicureos
975 1015 1229 1095 praeter
1272 1010 1460 1073 inane
1506 1009 1669 1072 nihil
1712 1029 1937 1073 revera
1982 1017 2077 1073 est
2120 1010 2243 1074 nisi
2286 1011 2583 1075 materies
2608 1061 2624 1094 ,
2692 1033 2801 1076 ne-

360 1147 540 1190 cesse
608 1133 743 1190 erat
767 1175 783 1208 ,
855 1131 924 1190 ut
991 1147 1075 1190 ex
1141 1127 1366 1191 atomis
1413 1148 1490 1190 ea
1534 1125 1760 1193 εἴδωλα
1807 1126 1974 1192 facta
2019 1148 2159 1192 esse
2205 1126 2559 1192 faterentur
2607 1134 2671 1191 et
2717 1128 2798 1192 ab

357 1244 481 1326 iis,
525 1265 792 1329 quorum
838 1243 1318 1307 similitudinem
1362 1244 1758 1328 praeberent,
1808 1245 2173 1329 corporibus
2220 1245 2555 1309 dissolutas
2579 1245 2801 1329 imagi-

359 1381 500 1423 nes.
556 1359 741 1433 Quod
786 1361 838 1422 si
885 1360 1081 1423 semel
1127 1360 1590 1442 ostendissent,
1637 1366 1847 1424 met-us
1878 1367 1941 1424 et
1970 1367 2173 1424 terror
2201 1361 2309 1425 1110
2340 1361 2672 1446 paullatim
2710 1360 2804 1423 fu-

361 1481 582 1539 turum
628 1483 764 1540 erat
807 1483 878 1539 ut
952 1483 1448 1559 evanescerent,
1494 1498 1646 1540 vera
1691 1482 1955 1540 naturae
2001 1477 2243 1541 ratione
2291 1478 2561 1562 expulsi.
2668 1477 2805 1560 „Ne

361 1593 527 1657 forte
573 1593 814 1658 animas
858 1593 1229 1658 Acherunte
1275 1615 1527 1658 reamur
1574 1593 1855 1678 effugere
1902 1600 2013 1658 aut
2055 1594 2311 1658 umbras
2344 1595 2606 1677 (manes)
2640 1595 2808 1658 inter

361 1711 546 1775 vivos
613 1711 914 1794 volitare,
981 1732 1143 1775 neve
1213 1711 1450 1796 aliquid
1518 1711 1718 1774 nostri
1763 1718 1907 1796 post
1951 1717 2219 1775 mortem
2263 1733 2447 1797 posse
2491 1713 2806 1798 relinqui,

364 1849 514 1892 cum
559 1849 785 1913 corpus
831 1829 1017 1892 simul
1062 1834 1252 1914 atque
1298 1828 1493 1892 animi
1546 1834 1774 1892 natura
1818 1835 2151 1913 perempta
2193 1829 2261 1891 in
2307 1851 2421 1892 sua
2466 1829 2811 1893 discessum

365 1943 658 2009 dederint
725 1945 1072 2030 primordia
1130 1945 1398 2032 cuique'’
1441 1944 1496 2027 ¹).
1587 1945 1751 2008 Tota
1810 1965 1961 2029 ergo
2006 1944 2165 2008 haec
2212 1945 2497 2010 doctrina
2540 1967 2579 2010 a
2621 1951 2813 2031 poeta

366 2061 713 2146 exponitur
779 2061 858 2126 ob
928 2060 1194 2125 eandem
1263 2083 1517 2126 causam
1583 2067 1775 2147 atque
1841 2061 2329 2146 praecedentia,
2395 2068 2468 2125 ut
2512 2083 2551 2124 a
2592 2062 2812 2125 mortis

365 2186 549 2243 metu
615 2179 902 2243 homines
967 2180 1235 2263 liberet,
1306 2179 1473 2265 quod
1518 2179 1833 2264 Epicurus
1878 2199 2125 2265 quoque
2173 2179 2508 2243 confitetur
2555 2179 2810 2263 dicenS,

367 2297 494 2361 nisi
537 2303 746 2361 metus
790 2319 904 2361 nos
948 2303 1248 2379 vexaret,
1297 2299 1408 2362 οὐκ
1454 2297 1532 2362 ἂν
1576 2295 1987 2384 προσδεῖσθαι
2034 2299 2197 2377 ἡμᾶς
2245 2297 2685 2383 φυσιολογίας.

463 2414 734 2479 Omnino
804 2415 872 2478 in
931 2414 1050 2479 hac
1112 2414 1405 2478 carminis
1449 2419 1666 2498 parte,
1713 2435 1875 2499 quae
1923 2419 2018 2477 est
2063 2413 2141 2508 de
2186 2415 2471 2478 sensibus
2492 2464 2508 2497 ,
2554 2420 2811 2500 poetam

371 2533 724 2618 Epicurum
790 2538 1078 2596 secutum
1145 2553 1281 2596 esse
1349 2533 1568 2617 paucis
1636 2530 2059 2596 ostendemus
2147 2532 2364 2596 Primo
2426 2532 2813 2596 demonstrat

372 2651 713 2717 Lucretius
783 2672 817 2716 e
889 2651 1252 2737 corporibus
1323 2651 1584 2715 emissas
1627 2651 1978 2736 imagineS,
2042 2671 2195 2737 quas
2241 2672 2385 2715 011111
2429 2650 2813 2715 membranis

371 2770 482 2833 vel
525 2769 758 2833 cortice
802 2769 907 2833 vel
952 2768 1176 2853 anguis
1222 2774 1417 2833 exuta
1456 2774 1633 2832 veste
1679 2774 2002 2854 comparat
2029 2766 2080 2851 2)
2102 2817 2118 2849 ,
2179 2789 2323 2831 cum
2368 2767 2641 2831 eundem
2687 2788 2813 2831 ser-

373 2893 530 2951 vent
576 2886 860 2950 ordinem
906 2892 1294 2968 atomorum,
1341 2885 1450 2971 qui
1494 2886 1561 2947 in
1607 2906 1868 2971 corpore
1915 2891 2043 2967 est,
2089 2905 2313 2949 revera
2346 2905 2503 2949 esse.
2568 2883 2813 2949 Eodem

373 3002 563 3068 modo
608 3004 729 3068 1100
774 3003 926 3068 facit
971 3009 1161 3089 atque
1208 3003 1521 3088 Epicurus
1546 3001 1632 3085 ³),
1681 3002 2018 3066 ostendens
2063 3001 2227 3066 hanc
2275 3000 2625 3066 doctrinam
2671 3024 2816 3065 ana-

375 3122 614 3205 logiam
673 3121 910 3186 habere
966 3142 1172 3207 neque
1218 3142 1574 3207 repugnare
1618 3121 1731 3203 iis,
1802 3141 1963 3207 quae
2010 3121 2296 3185 sensibus
2339 3121 2814 3206 percipiantur:

376 3260 528 3303 nam
573 3260 657 3303 ex
703 3259 922 3302 eorum
970 3238 1254 3302 doctrina
1297 3238 1417 3301 1100
1462 3260 1685 3302 verum
1731 3242 1869 3319 est,
1930 3238 2097 3323 quod
2142 3238 2429 3302 sensibus
2473 3238 2817 3322 probatur,

379 3361 493 3421 aut
564 3378 692 3419 non
766 3356 1096 3420 refellitur.
1211 3354 1592 3438 Singulatim
1657 3375 1845 3418 nemo
1916 3355 2075 3419 haec
2151 3355 2485 3419 simulacra
2559 3374 2819 3417 cernere

381 3479 593 3559 potest
665 3479 766 3556 „et
825 3471 1086 3537 adsiduo
1149 3472 1492 3557 crebroque
1537 3472 1796 3557 repulsu
1841 3472 2118 3535 reiecta’'
2166 3470 2420 3534 demum
2464 3476 2821 3555 apparent,

381 3590 585 3654 veluti
651 3590 1052 3675 speculorum
1120 3609 1204 3652 ex
1271 3608 1543 3674 aequore
1589 3588 1726 3652 visa
1757 3590 1831 3671 4).
1922 3587 2084 3652 Cum
2144 3592 2361 3651 autem
2406 3608 2443 3651 a
2489 3586 2821 3672 superficie

453 3928 491 3994 ¹)
561 3928 651 3980 IV.
688 3928 896 3981 37—41.

454 4024 491 4089 ²)
558 4022 863 4087 „Corporum
896 4020 1136 4072 exuviae”
1171 4020 1491 4072 nominantur
1522 4020 1740 4071 Macrob.
1778 4021 1975 4071 Satum.
2010 4018 2132 4069 VII.
2168 4034 2210 4068 0.
2248 4021 2323 4067 14.

453 4118 494 4180 8)
561 4117 652 4169 IV.
687 4117 927 4170 42—107.
995 4116 1058 4167 D.
1094 4117 1153 4167 L.
1187 4116 1253 4166 X.
1290 4120 1368 4166 46.

453 4213 493 4279 ⁴)
562 4212 648 4263 Vs.
702 4213 762 4266 87
783 4249 797 4274 ,
853 4215 941 4261 103
993 4228 1125 4277 seqq.
1176 4211 1304 4262 Voll.
1340 4211 1489 4262 Herc.
1541 4211 1617 4262 ΙΙ.
1653 4211 1743 4262 001.
1779 4210 1885 4260 111.
1927 4208 2087 4260 01111110
2120 4207 2239 4273 quid
2269 4206 2371 4271 legi
2403 4206 2577 4257 debere
2609 4204 2822 4256 videtur.

389 4308 454 4359 D.
487 4308 545 4359 L.
579 4307 647 4358 X.
683 4311 782 4357 48:
827 4306 992 4372 ῥεῦσις
1034 4304 1146 4357 α’πὸ
1191 4312 1293 4355 τῶν
1327 4306 1572 4370 σωμάτων
1607 4309 1696 4356 τοῦ
1729 4306 1983 4364 ἐπιπολῆς
2018 4305 2237 4367 συνεχὴς
2271 4299 2560 4365 συμβαίνει,
2594 4301 2687 4350 οὐκ
2722 4301 2827 4349 ἐπί·

392 4405 544 4466 δηλος
577 4406 811 4465 αἰσθήσει
845 4404 926 4454 διὰ
965 4406 1060 4465 τὴν
1091 4402 1569 4467 ἀνταναπλήρωσιν
1593 4440 1603 4449 .
1629 4439 1638 4449 .
1709 4401 1836 4451 Cum
1884 4399 2039 4464 igitur
2083 4398 2344 4449 Lucretius
2377 4397 2638 4447 contendat
2671 4394 2825 4443 simu-

389 4501 522 4553 lacra
553 4500 751 4565 singula
771 4499 832 4550 ob
848 4499 1140 4550 tenuitatem
1155 4515 1255 4549 non
1277 4496 1434 4547 videri
1455 4498 1539 4547 sed
1560 4496 1864 4546 solummodo
1887 4494 2091 4544 adsiduo
2113 4494 2376 4558 crebroque
2392 4490 2594 4555 repulsu
2614 4489 2795 4539 reiecta
2812 4526 2825 4549 ,

393 4594 637 4660 Epicurus
685 4595 757 4646 ait
804 4612 893 4645 nos
924 4594 1164 4659 imagines
1197 4609 1226 4643 a
1257 4608 1421 4643 rerum
1454 4592 1710 4655 superficie
1743 4591 2015 4640 defluentes
2066 4605 2167 4639 non
2217 4603 2316 4652 qua
2362 4586 2487 4636 tales
2505 4622 2519 4646 ,
2566 4584 2618 4634 id
2660 4589 2735 4633 est
2766 4581 2827 4632 ab

393 4688 512 4754 ipsis
559 4690 707 4741 rebus
751 4688 984 4740 discretas
1032 4688 1198 4739 videre
1215 4724 1228 4747 ,
1279 4685 1512 4752 quoniam
1559 4684 1822 4735 intervalla
1840 4719 1854 4744 ,
1915 4681 2096 4748 quibus
2142 4680 2259 4731 solis
2308 4696 2417 4729 eam
2466 4676 2829 4728 distinctionem

396 4800 588 4836 00111010
618 4781 872 4849 possemus
894 4821 908 4846 ,
942 4786 1178 4847 perpetua
1209 4781 1295 4831 illa
1326 4780 1490 4847 ῥεύσει
1512 4818 1526 4844 ,
1577 4794 1702 4845 quae
1735 4794 1794 4828 ea
1824 4775 2034 4839 complet
2051 4812 2065 4837 ‚
2100 4774 2258 4825 videri
2288 4790 2390 4824 non
2421 4777 2657 4838 possunt:
2707 4770 2829 4821 haec

2488 4872 2526 4935 6
