<?xml version="1.0" encoding="UTF-8"?>
<!DOCTYPE html PUBLIC "-//W3C//DTD XHTML 1.0 Transitional//EN"
    "http://www.w3.org/TR/xhtml1/DTD/xhtml1-transitional.dtd">
<html xmlns="http://www.w3.org/1999/xhtml" xml:lang="en" lang="en">
 <head>
  <title>
</title>
<meta http-equiv="Content-Type" content="text/html;charset=utf-8" />
  <meta name='ocr-system' content='tesseract 3.04.00' />
  <meta name='ocr-capabilities' content='ocr_page ocr_carea ocr_par ocr_line ocrx_word'/>
</head>
<body>
  <div class='ocr_page' id='page_1' title='image "./lucretiiphiloso01woltgoog_0051.png"; bbox 0 0 3529 5359; ppageno 0'>
   <div class='ocr_carea' id='block_1_1' title="bbox 1585 441 1668 504">
    <p class='ocr_par' dir='ltr' id='par_1_1' title="bbox 1585 441 1668 504">
     <span class='ocr_line' id='line_1_1' title="bbox 1585 441 1668 504; baseline 0 0"><span class='ocrx_word' id='word_1_1' title='bbox 1585 441 1668 504; x_wconf 85' lang='lat'>39</span> 
     </span>
    </p>
   </div>
   <div class='ocr_carea' id='block_1_2' title="bbox 390 642 2853 3661">
    <p class='ocr_par' dir='ltr' id='par_1_2' title="bbox 390 642 2853 3190">
     <span class='ocr_line' id='line_1_2' title="bbox 390 642 2853 730; baseline 0.001 -26"><span class='ocrx_word' id='word_1_2' title='bbox 390 642 518 724; x_wconf 93' lang='lat' dir='ltr'>tur)</span> <span class='ocrx_word' id='word_1_3' title='bbox 565 664 647 706; x_wconf 90' lang='lat' dir='ltr'>an</span> <span class='ocrx_word' id='word_1_4' title='bbox 690 642 1032 706; x_wconf 86' lang='lat' dir='ltr'>nonnullae</span> <span class='ocrx_word' id='word_1_5' title='bbox 1080 648 1331 708; x_wconf 90' lang='lat' dir='ltr'>tantum</span> <span class='ocrx_word' id='word_1_6' title='bbox 1364 643 1564 730; x_wconf 92' lang='lat' dir='ltr'>(quod</span> <span class='ocrx_word' id='word_1_7' title='bbox 1594 665 1796 707; x_wconf 91' lang='lat' dir='ltr'>unum</span> <span class='ocrx_word' id='word_1_8' title='bbox 1827 665 2204 707; x_wconf 89' lang='lat' dir='ltr'>concursum</span> <span class='ocrx_word' id='word_1_9' title='bbox 2235 648 2445 728; x_wconf 90' lang='lat' dir='ltr'>potest</span> <span class='ocrx_word' id='word_1_10' title='bbox 2475 643 2751 726; x_wconf 89' lang='lat' dir='ltr'>efficere)</span> <span class='ocrx_word' id='word_1_11' title='bbox 2778 650 2853 720; x_wconf 59' lang='lat'>¹),</span> 
     </span>
     <span class='ocr_line' id='line_1_3' title="bbox 391 759 2843 846; baseline 0 -24"><span class='ocrx_word' id='word_1_12' title='bbox 391 759 685 846; x_wconf 89' lang='lat' dir='ltr'>Denique</span> <span class='ocrx_word' id='word_1_13' title='bbox 736 761 1130 846; x_wconf 89' lang='lat' dir='ltr'>potissimum</span> <span class='ocrx_word' id='word_1_14' title='bbox 1186 760 1266 824; x_wconf 92' lang='lat' dir='ltr'>ad</span> <span class='ocrx_word' id='word_1_15' title='bbox 1312 761 1586 825; x_wconf 90' lang='lat' dir='ltr'>liberum</span> <span class='ocrx_word' id='word_1_16' title='bbox 1617 761 1950 824; x_wconf 83' lang='lat' dir='ltr'><strong>arbitrium</strong></span> <span class='ocrx_word' id='word_1_17' title='bbox 1984 760 2433 846; x_wconf 83' lang='lat' dir='ltr'>explicandum</span> <span class='ocrx_word' id='word_1_18' title='bbox 2456 781 2715 824; x_wconf 90' lang='lat' dir='ltr'>necesse</span> <span class='ocrx_word' id='word_1_19' title='bbox 2747 767 2843 823; x_wconf 89' lang='lat' dir='ltr'>est</span> 
     </span>
     <span class='ocr_line' id='line_1_4' title="bbox 392 875 2843 964; baseline 0 -24"><span class='ocrx_word' id='word_1_20' title='bbox 392 878 587 940; x_wconf 90' lang='lat' dir='ltr'>atomi</span> <span class='ocrx_word' id='word_1_21' title='bbox 648 877 966 942; x_wconf 88' lang='lat' dir='ltr'>declinent</span> <span class='ocrx_word' id='word_1_22' title='bbox 989 875 1054 962; x_wconf 82' lang='lat'>²).</span> <span class='ocrx_word' id='word_1_23' title='bbox 1142 878 1397 942; x_wconf 83' lang='lat' dir='ltr'>Diserte</span> <span class='ocrx_word' id='word_1_24' title='bbox 1453 885 1517 942; x_wconf 89' lang='lat' dir='ltr'>et</span> <span class='ocrx_word' id='word_1_25' title='bbox 1563 879 1815 962; x_wconf 83' lang='lat' dir='ltr'>copiose</span> <span class='ocrx_word' id='word_1_26' title='bbox 1861 877 2025 942; x_wconf 89' lang='lat' dir='ltr'>hanc</span> <span class='ocrx_word' id='word_1_27' title='bbox 2071 899 2207 941; x_wconf 90' lang='lat' dir='ltr'>rem</span> <span class='ocrx_word' id='word_1_28' title='bbox 2260 884 2605 964; x_wconf 79' lang='lat' dir='ltr'>pertractat</span> <span class='ocrx_word' id='word_1_29' title='bbox 2650 884 2843 963; x_wconf 90' lang='lat' dir='ltr'>poeta</span> 
     </span>
     <span class='ocr_line' id='line_1_5' title="bbox 393 994 2841 1079; baseline 0 -22"><span class='ocrx_word' id='word_1_30' title='bbox 393 994 572 1079; x_wconf 81' lang='lat' dir='ltr'>quasi</span> <span class='ocrx_word' id='word_1_31' title='bbox 661 995 799 1058; x_wconf 89' lang='lat' dir='ltr'>eius</span> <span class='ocrx_word' id='word_1_32' title='bbox 887 995 1138 1059; x_wconf 89' lang='lat' dir='ltr'>intersit</span> <span class='ocrx_word' id='word_1_33' title='bbox 1205 995 1324 1059; x_wconf 88' lang='lat' dir='ltr'>hoc</span> <span class='ocrx_word' id='word_1_34' title='bbox 1393 1017 1538 1059; x_wconf 91' lang='lat' dir='ltr'>cum</span> <span class='ocrx_word' id='word_1_35' title='bbox 1605 996 1886 1059; x_wconf 82' lang='lat' dir='ltr'>maxime</span> <span class='ocrx_word' id='word_1_36' title='bbox 1956 994 2385 1059; x_wconf 89' lang='lat' dir='ltr'>demonstrare</span> <span class='ocrx_word' id='word_1_37' title='bbox 2442 1001 2507 1059; x_wconf 90' lang='lat' dir='ltr'>et</span> <span class='ocrx_word' id='word_1_38' title='bbox 2565 994 2841 1058; x_wconf 89' lang='lat' dir='ltr'>hominis</span> 
     </span>
     <span class='ocr_line' id='line_1_6' title="bbox 390 1109 2840 1197; baseline 0 -25"><span class='ocrx_word' id='word_1_39' title='bbox 390 1109 752 1173; x_wconf 90' lang='lat' dir='ltr'>libertatem</span> <span class='ocrx_word' id='word_1_40' title='bbox 821 1116 1040 1174; x_wconf 91' lang='lat' dir='ltr'>contra</span> <span class='ocrx_word' id='word_1_41' title='bbox 1100 1131 1208 1174; x_wconf 90' lang='lat' dir='ltr'>eos</span> <span class='ocrx_word' id='word_1_42' title='bbox 1267 1110 1607 1175; x_wconf 88' lang='lat' dir='ltr'>defendere</span> <span class='ocrx_word' id='word_1_43' title='bbox 1654 1111 1803 1197; x_wconf 84' lang='lat' dir='ltr'>qui,</span> <span class='ocrx_word' id='word_1_44' title='bbox 1873 1117 1945 1173; x_wconf 92' lang='lat' dir='ltr'>ut</span> <span class='ocrx_word' id='word_1_45' title='bbox 1994 1110 2233 1194; x_wconf 81' lang='lat' dir='ltr'>Stoici,</span> <span class='ocrx_word' id='word_1_46' title='bbox 2303 1131 2594 1174; x_wconf 87' lang='lat' dir='ltr'>severum</span> <span class='ocrx_word' id='word_1_47' title='bbox 2639 1109 2840 1174; x_wconf 90' lang='lat' dir='ltr'>fatum</span> 
     </span>
     <span class='ocr_line' id='line_1_7' title="bbox 393 1225 2841 1313; baseline 0 -25"><span class='ocrx_word' id='word_1_48' title='bbox 393 1247 661 1310; x_wconf 85' lang='lat' dir='ltr'>regnare</span> <span class='ocrx_word' id='word_1_49' title='bbox 710 1225 1044 1306; x_wconf 85' lang='lat' dir='ltr'>dicebant,</span> <span class='ocrx_word' id='word_1_50' title='bbox 1091 1227 1199 1313; x_wconf 90' lang='lat' dir='ltr'>qui</span> <span class='ocrx_word' id='word_1_51' title='bbox 1237 1226 1696 1312; x_wconf 90' lang='lat' dir='ltr'>sempiternum</span> <span class='ocrx_word' id='word_1_52' title='bbox 1729 1227 2089 1309; x_wconf 90' lang='lat' dir='ltr'>dominum,</span> <span class='ocrx_word' id='word_1_53' title='bbox 2138 1247 2325 1313; x_wconf 93' lang='lat' dir='ltr'>quem</span> <span class='ocrx_word' id='word_1_54' title='bbox 2360 1225 2494 1289; x_wconf 88' lang='lat' dir='ltr'>dies</span> <span class='ocrx_word' id='word_1_55' title='bbox 2529 1231 2592 1289; x_wconf 90' lang='lat' dir='ltr'>et</span> <span class='ocrx_word' id='word_1_56' title='bbox 2623 1232 2841 1289; x_wconf 89' lang='lat' dir='ltr'>noctes</span> 
     </span>
     <span class='ocr_line' id='line_1_8' title="bbox 393 1320 2839 1428; baseline -0.001 -22"><span class='ocrx_word' id='word_1_57' title='bbox 393 1343 693 1407; x_wconf 90' lang='lat' dir='ltr'>timerent</span> <span class='ocrx_word' id='word_1_58' title='bbox 756 1320 824 1405; x_wconf 83' lang='lat' dir='ltr'>in</span> <span class='ocrx_word' id='word_1_59' title='bbox 882 1342 1210 1407; x_wconf 89' lang='lat' dir='ltr'>hominum</span> <span class='ocrx_word' id='word_1_60' title='bbox 1273 1343 1628 1406; x_wconf 88' lang='lat' dir='ltr'>cervicibus</span> <span class='ocrx_word' id='word_1_61' title='bbox 1673 1344 2114 1428; x_wconf 89' lang='lat' dir='ltr'>imposuerunt</span> <span class='ocrx_word' id='word_1_62' title='bbox 2161 1343 2314 1426; x_wconf 82' lang='lat' dir='ltr'>(Cic.</span> <span class='ocrx_word' id='word_1_63' title='bbox 2366 1343 2443 1406; x_wconf 92' lang='lat' dir='ltr'>de</span> <span class='ocrx_word' id='word_1_64' title='bbox 2489 1348 2619 1406; x_wconf 89' lang='lat' dir='ltr'>nat.</span> <span class='ocrx_word' id='word_1_65' title='bbox 2668 1341 2839 1405; x_wconf 89' lang='lat' dir='ltr'>deor.</span> 
     </span>
     <span class='ocr_line' id='line_1_9' title="bbox 393 1459 2843 1547; baseline 0 -24"><span class='ocrx_word' id='word_1_66' title='bbox 393 1461 446 1524; x_wconf 90' lang='lat' dir='ltr'>I.</span> <span class='ocrx_word' id='word_1_67' title='bbox 511 1463 636 1542; x_wconf 87' lang='lat'>20,</span> <span class='ocrx_word' id='word_1_68' title='bbox 708 1463 861 1544; x_wconf 61' lang='lat'>54).</span> <span class='ocrx_word' id='word_1_69' title='bbox 952 1462 1102 1547; x_wconf 88' lang='lat' dir='ltr'>Ipse</span> <span class='ocrx_word' id='word_1_70' title='bbox 1171 1460 1335 1524; x_wconf 83' lang='lat' dir='ltr'>dixit</span> <span class='ocrx_word' id='word_1_71' title='bbox 1381 1460 1485 1524; x_wconf 92' lang='lat' dir='ltr'>hic</span> <span class='ocrx_word' id='word_1_72' title='bbox 1531 1482 1776 1524; x_wconf 84' lang='lat' dir='ltr'>nexum</span> <span class='ocrx_word' id='word_1_73' title='bbox 1822 1482 2157 1526; x_wconf 89' lang='lat' dir='ltr'>causarum</span> <span class='ocrx_word' id='word_1_74' title='bbox 2202 1461 2514 1546; x_wconf 87' lang='lat' dir='ltr'>abrumpi.</span> <span class='ocrx_word' id='word_1_75' title='bbox 2606 1459 2843 1524; x_wconf 89' lang='lat' dir='ltr'>Libera</span> 
     </span>
     <span class='ocr_line' id='line_1_10' title="bbox 394 1559 2840 1660; baseline 0 -20"><span class='ocrx_word' id='word_1_76' title='bbox 394 1582 609 1641; x_wconf 89' lang='lat' dir='ltr'>nostra</span> <span class='ocrx_word' id='word_1_77' title='bbox 650 1579 944 1642; x_wconf 80' lang='lat' dir='ltr'>voluntas</span> <span class='ocrx_word' id='word_1_78' title='bbox 989 1599 1242 1642; x_wconf 86' lang='lat' dir='ltr'>causam</span> <span class='ocrx_word' id='word_1_79' title='bbox 1286 1577 1524 1642; x_wconf 88' lang='lat' dir='ltr'>habere</span> <span class='ocrx_word' id='word_1_80' title='bbox 1573 1577 1796 1660; x_wconf 85' lang='lat' dir='ltr'>debet,</span> <span class='ocrx_word' id='word_1_81' title='bbox 1842 1559 2011 1642; x_wconf 90' lang='lat' dir='ltr'>unde</span> <span class='ocrx_word' id='word_1_82' title='bbox 2058 1578 2241 1648; x_wconf 81' lang='lat' dir='ltr'>nobis</span> <span class='ocrx_word' id='word_1_83' title='bbox 2287 1578 2369 1641; x_wconf 88' lang='lat' dir='ltr'>sit</span> <span class='ocrx_word' id='word_1_84' title='bbox 2407 1579 2645 1660; x_wconf 88' lang='lat' dir='ltr'>innata,</span> <span class='ocrx_word' id='word_1_85' title='bbox 2691 1598 2840 1640; x_wconf 88' lang='lat' dir='ltr'>nam</span> 
     </span>
     <span class='ocr_line' id='line_1_11' title="bbox 393 1686 2841 1758; baseline 0 -1"><span class='ocrx_word' id='word_1_86' title='bbox 393 1694 556 1758; x_wconf 92' lang='lat' dir='ltr'>nihil</span> <span class='ocrx_word' id='word_1_87' title='bbox 621 1695 693 1758; x_wconf 90' lang='lat' dir='ltr'>fit</span> <span class='ocrx_word' id='word_1_88' title='bbox 761 1716 796 1758; x_wconf 90' lang='lat' dir='ltr'>e</span> <span class='ocrx_word' id='word_1_89' title='bbox 863 1694 1108 1757; x_wconf 86' lang='lat' dir='ltr'>nihilo:</span> <span class='ocrx_word' id='word_1_90' title='bbox 1177 1693 1336 1758; x_wconf 91' lang='lat' dir='ltr'>haec</span> <span class='ocrx_word' id='word_1_91' title='bbox 1406 1716 1595 1758; x_wconf 88' lang='lat' dir='ltr'>causa</span> <span class='ocrx_word' id='word_1_92' title='bbox 1656 1702 1752 1758; x_wconf 90' lang='lat' dir='ltr'>est</span> <span class='ocrx_word' id='word_1_93' title='bbox 1799 1701 2153 1758; x_wconf 88' lang='lat' dir='ltr'>atomorum</span> <span class='ocrx_word' id='word_1_94' title='bbox 2200 1686 2559 1758; x_wconf 87' lang='lat' dir='ltr'>declinatio.</span> <span class='ocrx_word' id='word_1_95' title='bbox 2651 1693 2841 1758; x_wconf 88' lang='lat' dir='ltr'>Ultro</span> 
     </span>
     <span class='ocr_line' id='line_1_12' title="bbox 395 1810 2843 1897; baseline -0.001 -22"><span class='ocrx_word' id='word_1_96' title='bbox 395 1817 610 1875; x_wconf 85' lang='lat' dir='ltr'>autem</span> <span class='ocrx_word' id='word_1_97' title='bbox 655 1831 882 1874; x_wconf 89' lang='lat' dir='ltr'>causae</span> <span class='ocrx_word' id='word_1_98' title='bbox 928 1810 1303 1894; x_wconf 84' lang='lat' dir='ltr'>investigari</span> <span class='ocrx_word' id='word_1_99' title='bbox 1349 1832 1478 1873; x_wconf 90' lang='lat' dir='ltr'>non</span> <span class='ocrx_word' id='word_1_100' title='bbox 1531 1816 1815 1896; x_wconf 87' lang='lat' dir='ltr'>possunt.</span> <span class='ocrx_word' id='word_1_101' title='bbox 1864 1810 2069 1875; x_wconf 82' lang='lat' dir='ltr'>Cardo</span> <span class='ocrx_word' id='word_1_102' title='bbox 2116 1811 2505 1897; x_wconf 90' lang='lat' dir='ltr'>quaestionis</span> <span class='ocrx_word' id='word_1_103' title='bbox 2548 1810 2745 1894; x_wconf 87' lang='lat' dir='ltr'>igitur</span> <span class='ocrx_word' id='word_1_104' title='bbox 2774 1810 2843 1872; x_wconf 94' lang='lat' dir='ltr'>in</span> 
     </span>
     <span class='ocr_line' id='line_1_13' title="bbox 395 1927 2843 2014; baseline -0.001 -20"><span class='ocrx_word' id='word_1_105' title='bbox 395 1929 521 1994; x_wconf 88' lang='lat' dir='ltr'>alia</span> <span class='ocrx_word' id='word_1_106' title='bbox 562 1949 632 1992; x_wconf 91' lang='lat' dir='ltr'>re</span> <span class='ocrx_word' id='word_1_107' title='bbox 677 1934 927 1992; x_wconf 90' lang='lat' dir='ltr'>tantum</span> <span class='ocrx_word' id='word_1_108' title='bbox 972 1928 1271 2013; x_wconf 87' lang='lat' dir='ltr'>ponitur:</span> <span class='ocrx_word' id='word_1_109' title='bbox 1321 1927 1530 1991; x_wconf 89' lang='lat' dir='ltr'>differt</span> <span class='ocrx_word' id='word_1_110' title='bbox 1574 1936 1767 2013; x_wconf 86' lang='lat' dir='ltr'>poeta</span> <span class='ocrx_word' id='word_1_111' title='bbox 1812 1927 2245 2012; x_wconf 86' lang='lat' dir='ltr'>difficultates,</span> <span class='ocrx_word' id='word_1_112' title='bbox 2280 1950 2435 2014; x_wconf 83' lang='lat' dir='ltr'>quas</span> <span class='ocrx_word' id='word_1_113' title='bbox 2465 1929 2710 1992; x_wconf 85' lang='lat' dir='ltr'>solvere</span> <span class='ocrx_word' id='word_1_114' title='bbox 2732 1947 2843 1991; x_wconf 90' lang='lat' dir='ltr'>ne-</span> 
     </span>
     <span class='ocr_line' id='line_1_14' title="bbox 395 2043 2843 2134; baseline -0.002 -23"><span class='ocrx_word' id='word_1_115' title='bbox 395 2047 551 2134; x_wconf 90' lang='lat' dir='ltr'>quit.</span> <span class='ocrx_word' id='word_1_116' title='bbox 639 2045 777 2111; x_wconf 90' lang='lat' dir='ltr'>Alii</span> <span class='ocrx_word' id='word_1_117' title='bbox 821 2044 1181 2131; x_wconf 85' lang='lat' dir='ltr'>philosophi</span> <span class='ocrx_word' id='word_1_118' title='bbox 1229 2045 1309 2108; x_wconf 91' lang='lat' dir='ltr'>ad</span> <span class='ocrx_word' id='word_1_119' title='bbox 1356 2045 1519 2109; x_wconf 90' lang='lat' dir='ltr'>hanc</span> <span class='ocrx_word' id='word_1_120' title='bbox 1566 2045 2004 2131; x_wconf 91' lang='lat' dir='ltr'>quaestionem</span> <span class='ocrx_word' id='word_1_121' title='bbox 2052 2044 2418 2108; x_wconf 88' lang='lat' dir='ltr'>solvendam</span> <span class='ocrx_word' id='word_1_122' title='bbox 2464 2043 2637 2108; x_wconf 90' lang='lat' dir='ltr'>aliud</span> <span class='ocrx_word' id='word_1_123' title='bbox 2666 2044 2843 2107; x_wconf 88' lang='lat' dir='ltr'>inve-</span> 
     </span>
     <span class='ocr_line' id='line_1_15' title="bbox 393 2157 2843 2251; baseline -0.001 -22"><span class='ocrx_word' id='word_1_124' title='bbox 393 2172 627 2229; x_wconf 90' lang='lat' dir='ltr'>nerunt</span> <span class='ocrx_word' id='word_1_125' title='bbox 669 2186 878 2251; x_wconf 91' lang='lat' dir='ltr'>neque</span> <span class='ocrx_word' id='word_1_126' title='bbox 923 2164 1114 2228; x_wconf 91' lang='lat' dir='ltr'>finem</span> <span class='ocrx_word' id='word_1_127' title='bbox 1167 2164 1440 2229; x_wconf 88' lang='lat' dir='ltr'>assecuti</span> <span class='ocrx_word' id='word_1_128' title='bbox 1487 2170 1651 2228; x_wconf 90' lang='lat' dir='ltr'>sunt.</span> <span class='ocrx_word' id='word_1_129' title='bbox 1743 2164 2145 2228; x_wconf 84' lang='lat' dir='ltr'>Facillimam</span> <span class='ocrx_word' id='word_1_130' title='bbox 2191 2157 2411 2227; x_wconf 90' lang='lat' dir='ltr'>eorum</span> <span class='ocrx_word' id='word_1_131' title='bbox 2458 2163 2843 2244; x_wconf 89' lang='lat' dir='ltr'>doctrinam,</span> 
     </span>
     <span class='ocr_line' id='line_1_16' title="bbox 396 2279 2844 2370; baseline -0.002 -24"><span class='ocrx_word' id='word_1_132' title='bbox 396 2283 506 2370; x_wconf 92' lang='lat' dir='ltr'>qui</span> <span class='ocrx_word' id='word_1_133' title='bbox 549 2283 824 2346; x_wconf 91' lang='lat' dir='ltr'>liberum</span> <span class='ocrx_word' id='word_1_134' title='bbox 868 2287 1110 2345; x_wconf 92' lang='lat' dir='ltr'>motum</span> <span class='ocrx_word' id='word_1_135' title='bbox 1135 2332 1152 2364; x_wconf 84' lang='lat'>,</span> <span class='ocrx_word' id='word_1_136' title='bbox 1199 2301 1351 2366; x_wconf 85' lang='lat' dir='ltr'>ergo</span> <span class='ocrx_word' id='word_1_137' title='bbox 1398 2282 1673 2345; x_wconf 88' lang='lat' dir='ltr'>animam</span> <span class='ocrx_word' id='word_1_138' title='bbox 1718 2281 1874 2366; x_wconf 88' lang='lat' dir='ltr'>ipsis</span> <span class='ocrx_word' id='word_1_139' title='bbox 1904 2281 2132 2345; x_wconf 88' lang='lat' dir='ltr'>atomis</span> <span class='ocrx_word' id='word_1_140' title='bbox 2174 2281 2645 2362; x_wconf 83' lang='lat' dir='ltr'>attribuerunt,</span> <span class='ocrx_word' id='word_1_141' title='bbox 2692 2279 2844 2365; x_wconf 91' lang='lat' dir='ltr'>Epi-</span> 
     </span>
     <span class='ocr_line' id='line_1_17' title="bbox 397 2398 2847 2484; baseline -0.002 -20"><span class='ocrx_word' id='word_1_142' title='bbox 397 2401 614 2483; x_wconf 90' lang='lat' dir='ltr'>curei,</span> <span class='ocrx_word' id='word_1_143' title='bbox 688 2421 832 2463; x_wconf 93' lang='lat' dir='ltr'>cum</span> <span class='ocrx_word' id='word_1_144' title='bbox 899 2406 1154 2484; x_wconf 86' lang='lat' dir='ltr'>praeter</span> <span class='ocrx_word' id='word_1_145' title='bbox 1220 2398 1552 2464; x_wconf 89' lang='lat' dir='ltr'>materiem</span> <span class='ocrx_word' id='word_1_146' title='bbox 1623 2406 1689 2463; x_wconf 91' lang='lat' dir='ltr'>et</span> <span class='ocrx_word' id='word_1_147' title='bbox 1755 2400 1945 2463; x_wconf 90' lang='lat' dir='ltr'>inane</span> <span class='ocrx_word' id='word_1_148' title='bbox 2012 2399 2173 2461; x_wconf 88' lang='lat' dir='ltr'>nihil</span> <span class='ocrx_word' id='word_1_149' title='bbox 2244 2419 2381 2462; x_wconf 90' lang='lat' dir='ltr'>esse</span> <span class='ocrx_word' id='word_1_150' title='bbox 2436 2403 2735 2483; x_wconf 87' lang='lat' dir='ltr'>putarent</span> <span class='ocrx_word' id='word_1_151' title='bbox 2782 2403 2847 2461; x_wconf 93' lang='lat' dir='ltr'>et</span> 
     </span>
     <span class='ocr_line' id='line_1_18' title="bbox 395 2514 2845 2604; baseline -0.002 -22"><span class='ocrx_word' id='word_1_152' title='bbox 395 2518 604 2603; x_wconf 88' lang='lat' dir='ltr'>ipsum</span> <span class='ocrx_word' id='word_1_153' title='bbox 661 2517 942 2581; x_wconf 89' lang='lat' dir='ltr'>animum</span> <span class='ocrx_word' id='word_1_154' title='bbox 989 2536 1073 2579; x_wconf 80' lang='lat' dir='ltr'>ex</span> <span class='ocrx_word' id='word_1_155' title='bbox 1117 2516 1524 2579; x_wconf 85' lang='lat' dir='ltr'>insensilibus</span> <span class='ocrx_word' id='word_1_156' title='bbox 1571 2521 2023 2604; x_wconf 85' lang='lat' dir='ltr'>componerent</span> <span class='ocrx_word' id='word_1_157' title='bbox 2068 2515 2335 2597; x_wconf 75' lang='lat' dir='ltr'>atomiS,</span> <span class='ocrx_word' id='word_1_158' title='bbox 2404 2514 2672 2600; x_wconf 89' lang='lat' dir='ltr'>probare</span> <span class='ocrx_word' id='word_1_159' title='bbox 2718 2535 2845 2577; x_wconf 91' lang='lat' dir='ltr'>non</span> 
     </span>
     <span class='ocr_line' id='line_1_19' title="bbox 396 2630 2846 2721; baseline -0.002 -22"><span class='ocrx_word' id='word_1_160' title='bbox 396 2641 693 2721; x_wconf 89' lang='lat' dir='ltr'>poterant</span> <span class='ocrx_word' id='word_1_161' title='bbox 761 2641 825 2698; x_wconf 89' lang='lat' dir='ltr'>et</span> <span class='ocrx_word' id='word_1_162' title='bbox 891 2634 1036 2720; x_wconf 89' lang='lat' dir='ltr'>plus</span> <span class='ocrx_word' id='word_1_163' title='bbox 1104 2633 1302 2697; x_wconf 88' lang='lat' dir='ltr'>semel</span> <span class='ocrx_word' id='word_1_164' title='bbox 1368 2633 1705 2698; x_wconf 89' lang='lat' dir='ltr'>Lucretius</span> <span class='ocrx_word' id='word_1_165' title='bbox 1773 2632 2075 2697; x_wconf 86' lang='lat' dir='ltr'>refutavit</span> <span class='ocrx_word' id='word_1_166' title='bbox 2100 2630 2170 2716; x_wconf 79' lang='lat'>3).</span> <span class='ocrx_word' id='word_1_167' title='bbox 2264 2631 2391 2697; x_wconf 81' lang='lat' dir='ltr'>Sed</span> <span class='ocrx_word' id='word_1_168' title='bbox 2450 2638 2663 2696; x_wconf 87' lang='lat' dir='ltr'>tamen</span> <span class='ocrx_word' id='word_1_169' title='bbox 2723 2630 2846 2718; x_wconf 90' lang='lat' dir='ltr'>ipsi</span> 
     </span>
     <span class='ocr_line' id='line_1_20' title="bbox 395 2744 2845 2837; baseline -0.002 -20"><span class='ocrx_word' id='word_1_170' title='bbox 395 2753 685 2817; x_wconf 86' lang='lat' dir='ltr'>fecerunt</span> <span class='ocrx_word' id='word_1_171' title='bbox 727 2744 917 2816; x_wconf 87' lang='lat' dir='ltr'>idem.</span> <span class='ocrx_word' id='word_1_172' title='bbox 1007 2752 1219 2837; x_wconf 88' lang='lat' dir='ltr'>Ipsius</span> <span class='ocrx_word' id='word_1_173' title='bbox 1279 2751 1563 2815; x_wconf 90' lang='lat' dir='ltr'>Lucretii</span> <span class='ocrx_word' id='word_1_174' title='bbox 1621 2751 1837 2833; x_wconf 83' lang='lat' dir='ltr'>verba,</span> <span class='ocrx_word' id='word_1_175' title='bbox 1885 2751 2115 2837; x_wconf 85' lang='lat' dir='ltr'>quibus</span> <span class='ocrx_word' id='word_1_176' title='bbox 2161 2750 2667 2814; x_wconf 80' lang='lat' dir='ltr'>adversariorum</span> <span class='ocrx_word' id='word_1_177' title='bbox 2713 2750 2845 2835; x_wconf 93' lang='lat' dir='ltr'>opi-</span> 
     </span>
     <span class='ocr_line' id='line_1_21' title="bbox 396 2866 2845 2955; baseline -0.002 -21"><span class='ocrx_word' id='word_1_178' title='bbox 396 2871 652 2934; x_wconf 90' lang='lat' dir='ltr'>nionem</span> <span class='ocrx_word' id='word_1_179' title='bbox 709 2870 974 2952; x_wconf 86' lang='lat' dir='ltr'>irridet,</span> <span class='ocrx_word' id='word_1_180' title='bbox 1040 2870 1108 2933; x_wconf 92' lang='lat' dir='ltr'>in</span> <span class='ocrx_word' id='word_1_181' title='bbox 1174 2869 1338 2933; x_wconf 83' lang='lat' dir='ltr'>hanc</span> <span class='ocrx_word' id='word_1_182' title='bbox 1397 2876 1645 2955; x_wconf 87' lang='lat' dir='ltr'>partem</span> <span class='ocrx_word' id='word_1_183' title='bbox 1707 2869 2031 2934; x_wconf 91' lang='lat' dir='ltr'>doctrinae</span> <span class='ocrx_word' id='word_1_184' title='bbox 2096 2868 2407 2955; x_wconf 87' lang='lat' dir='ltr'>quadrant</span> <span class='ocrx_word' id='word_1_185' title='bbox 2436 2866 2482 2950; x_wconf 80' lang='lat'>4)</span> <span class='ocrx_word' id='word_1_186' title='bbox 2544 2866 2845 2949; x_wconf 89' lang='lat' dir='ltr'>„consilio</span> 
     </span>
     <span class='ocr_line' id='line_1_22' title="bbox 396 2985 2844 3075; baseline -0.001 -24"><span class='ocrx_word' id='word_1_187' title='bbox 396 2987 741 3075; x_wconf 88' lang='lat' dir='ltr'>primordia</span> <span class='ocrx_word' id='word_1_188' title='bbox 796 3008 1009 3051; x_wconf 91' lang='lat' dir='ltr'>rerum</span> <span class='ocrx_word' id='word_1_189' title='bbox 1077 2986 1296 3051; x_wconf 90' lang='lat' dir='ltr'>ordine</span> <span class='ocrx_word' id='word_1_190' title='bbox 1365 3008 1430 3051; x_wconf 92' lang='lat' dir='ltr'>se</span> <span class='ocrx_word' id='word_1_191' title='bbox 1479 3008 1590 3051; x_wconf 91' lang='lat' dir='ltr'>suo</span> <span class='ocrx_word' id='word_1_192' title='bbox 1637 3008 1927 3073; x_wconf 88' lang='lat' dir='ltr'>quaeque</span> <span class='ocrx_word' id='word_1_193' title='bbox 1973 2986 2186 3071; x_wconf 86' lang='lat' dir='ltr'>sagaci</span> <span class='ocrx_word' id='word_1_194' title='bbox 2228 2990 2446 3049; x_wconf 88' lang='lat' dir='ltr'>mente</span> <span class='ocrx_word' id='word_1_195' title='bbox 2491 2985 2844 3049; x_wconf 89' lang='lat' dir='ltr'>locarunt”.</span> 
     </span>
     <span class='ocr_line' id='line_1_23' title="bbox 395 3103 2193 3190; baseline -0.002 -21"><span class='ocrx_word' id='word_1_196' title='bbox 395 3105 513 3169; x_wconf 88' lang='lat' dir='ltr'>Est</span> <span class='ocrx_word' id='word_1_197' title='bbox 556 3105 659 3169; x_wconf 93' lang='lat' dir='ltr'>hic</span> <span class='ocrx_word' id='word_1_198' title='bbox 706 3105 1012 3190; x_wconf 87' lang='lat' dir='ltr'>cuiusque</span> <span class='ocrx_word' id='word_1_199' title='bbox 1056 3103 1494 3190; x_wconf 89' lang='lat' dir='ltr'>philosophiae</span> <span class='ocrx_word' id='word_1_200' title='bbox 1538 3105 1715 3168; x_wconf 87' lang='lat' dir='ltr'>locus</span> <span class='ocrx_word' id='word_1_201' title='bbox 1761 3103 2193 3168; x_wconf 66' lang='lat' dir='ltr'>vulnerabilis</span> 
     </span>
    </p>

    <p class='ocr_par' dir='ltr' id='par_1_3' title="bbox 397 3196 2847 3661">
     <span class='ocr_line' id='line_1_24' title="bbox 485 3196 2845 3307; baseline -0.002 -20"><span class='ocrx_word' id='word_1_202' title='bbox 485 3224 644 3287; x_wconf 83' lang='lat' dir='ltr'>Tres</span> <span class='ocrx_word' id='word_1_203' title='bbox 709 3224 906 3307; x_wconf 87' lang='lat' dir='ltr'>igitur</span> <span class='ocrx_word' id='word_1_204' title='bbox 974 3223 1199 3286; x_wconf 88' lang='lat' dir='ltr'>atomis</span> <span class='ocrx_word' id='word_1_205' title='bbox 1257 3229 1466 3286; x_wconf 86' lang='lat' dir='ltr'>motus</span> <span class='ocrx_word' id='word_1_206' title='bbox 1533 3196 2109 3307; x_wconf 31' lang='lat' dir='ltr'>adscribit-poeta,</span> <span class='ocrx_word' id='word_1_207' title='bbox 2172 3221 2283 3307; x_wconf 92' lang='lat' dir='ltr'>qui</span> <span class='ocrx_word' id='word_1_208' title='bbox 2324 3220 2486 3285; x_wconf 87' lang='lat' dir='ltr'>fiunt</span> <span class='ocrx_word' id='word_1_209' title='bbox 2532 3220 2845 3305; x_wconf 85' lang='lat' dir='ltr'>gravitate</span> 
     </span>
     <span class='ocr_line' id='line_1_25' title="bbox 399 3338 2844 3425; baseline -0.002 -18"><span class='ocrx_word' id='word_1_210' title='bbox 399 3339 578 3423; x_wconf 73' lang='grc' dir='ltr'>(κατᾶ</span> <span class='ocrx_word' id='word_1_211' title='bbox 611 3343 953 3424; x_wconf 62' lang='grc' dir='ltr'>στάθμην),</span> <span class='ocrx_word' id='word_1_212' title='bbox 981 3339 1403 3404; x_wconf 80' lang='lat' dir='ltr'>declinatione</span> <span class='ocrx_word' id='word_1_213' title='bbox 1431 3338 1608 3422; x_wconf 72' lang='grc' dir='ltr'>(κατᾰ</span> <span class='ocrx_word' id='word_1_214' title='bbox 1635 3340 2088 3425; x_wconf 74' lang='grc' dir='ltr'>παρέγκλισιν),</span> <span class='ocrx_word' id='word_1_215' title='bbox 2114 3339 2318 3424; x_wconf 78' lang='lat' dir='ltr'>plagis</span> <span class='ocrx_word' id='word_1_216' title='bbox 2343 3338 2519 3421; x_wconf 66' lang='grc' dir='ltr'>(κατά</span> <span class='ocrx_word' id='word_1_217' title='bbox 2548 3338 2808 3424; x_wconf 79' lang='grc' dir='ltr'>πληγήν</span> <span class='ocrx_word' id='word_1_218' title='bbox 2828 3386 2844 3419; x_wconf 85' lang='lat'>,</span> 
     </span>
     <span class='ocr_line' id='line_1_26' title="bbox 399 3453 2846 3545; baseline -0.002 -24"><span class='ocrx_word' id='word_1_219' title='bbox 399 3480 525 3543; x_wconf 90' lang='lat' dir='ltr'>qua</span> <span class='ocrx_word' id='word_1_220' title='bbox 569 3458 761 3521; x_wconf 88' lang='lat' dir='ltr'>atomi</span> <span class='ocrx_word' id='word_1_221' title='bbox 815 3458 918 3539; x_wconf 90' lang='lat' dir='ltr'>„in</span> <span class='ocrx_word' id='word_1_222' title='bbox 961 3458 1210 3541; x_wconf 84' lang='lat' dir='ltr'>magnis</span> <span class='ocrx_word' id='word_1_223' title='bbox 1253 3457 1606 3520; x_wconf 83' lang='lat' dir='ltr'>intervallis</span> <span class='ocrx_word' id='word_1_224' title='bbox 1650 3456 2020 3519; x_wconf 87' lang='lat' dir='ltr'>recursant”</span> <span class='ocrx_word' id='word_1_225' title='bbox 2067 3477 2161 3545; x_wconf 20' lang='grc' dir='ltr'>νε..</span> <span class='ocrx_word' id='word_1_226' title='bbox 2196 3457 2361 3537; x_wconf 86' lang='lat'>106,</span> <span class='ocrx_word' id='word_1_227' title='bbox 2410 3453 2562 3520; x_wconf 76' lang='grc' dir='ltr'>κατ-οῖ</span> <span class='ocrx_word' id='word_1_228' title='bbox 2590 3453 2846 3536; x_wconf 85' lang='grc' dir='ltr'>παλμὸν</span> 
     </span>
     <span class='ocr_line' id='line_1_27' title="bbox 397 3560 2847 3661; baseline -0.002 -22"><span class='ocrx_word' id='word_1_229' title='bbox 397 3574 504 3639; x_wconf 84' lang='lat' dir='ltr'>vel</span> <span class='ocrx_word' id='word_1_230' title='bbox 565 3575 992 3657; x_wconf 80' lang='grc' dir='ltr'>ἀποπαλμόν,</span> <span class='ocrx_word' id='word_1_231' title='bbox 1063 3596 1186 3661; x_wconf 93' lang='lat' dir='ltr'>quo</span> <span class='ocrx_word' id='word_1_232' title='bbox 1240 3560 1530 3658; x_wconf 78' lang='lat' dir='ltr'>„exiguis</span> <span class='ocrx_word' id='word_1_233' title='bbox 1577 3573 1929 3638; x_wconf 84' lang='lat' dir='ltr'>intervallis</span> <span class='ocrx_word' id='word_1_234' title='bbox 1975 3570 2326 3637; x_wconf 90' lang='lat' dir='ltr'>resultant”</span> <span class='ocrx_word' id='word_1_235' title='bbox 2376 3594 2466 3635; x_wconf 88' lang='lat' dir='ltr'>vs.</span> <span class='ocrx_word' id='word_1_236' title='bbox 2521 3570 2684 3654; x_wconf 92' lang='lat'>101).</span> <span class='ocrx_word' id='word_1_237' title='bbox 2753 3569 2847 3634; x_wconf 90' lang='lat' dir='ltr'>Hi</span> 
     </span>
    </p>
   </div>
   <div class='ocr_carea' id='block_1_3' title="bbox 399 3805 764 3814">
    <p class='ocr_par' dir='ltr' id='par_1_4' title="bbox 399 3805 764 3814">
     <span class='ocr_line' id='line_1_28' title="bbox 399 3805 764 3814; baseline 0 1545"><span class='ocrx_word' id='word_1_238' title='bbox 399 3805 764 3814; x_wconf 95' lang='lat' dir='ltr'> </span> 
     </span>
    </p>
   </div>
   <div class='ocr_carea' id='block_1_4' title="bbox 397 3904 2849 4830">
    <p class='ocr_par' dir='ltr' id='par_1_5' title="bbox 397 3904 2847 4165">
     <span class='ocr_line' id='line_1_29' title="bbox 467 3904 2847 3975; baseline -0.002 -16"><span class='ocrx_word' id='word_1_239' title='bbox 467 3911 506 3973; x_wconf 79' lang='grc' dir='ltr'>ι)</span> <span class='ocrx_word' id='word_1_240' title='bbox 573 3910 749 3975; x_wconf 87' lang='lat' dir='ltr'>Neque</span> <span class='ocrx_word' id='word_1_241' title='bbox 781 3926 808 3959; x_wconf 88' lang='lat' dir='ltr'>e</span> <span class='ocrx_word' id='word_1_242' title='bbox 843 3908 1091 3959; x_wconf 83' lang='lat' dir='ltr'>Ciceronis</span> <span class='ocrx_word' id='word_1_243' title='bbox 1122 3908 1286 3959; x_wconf 87' lang='lat' dir='ltr'>verbis</span> <span class='ocrx_word' id='word_1_244' title='bbox 1319 3910 1379 3958; x_wconf 89' lang='lat' dir='ltr'>de</span> <span class='ocrx_word' id='word_1_245' title='bbox 1413 3907 1526 3957; x_wconf 86' lang='lat' dir='ltr'>Fin.</span> <span class='ocrx_word' id='word_1_246' title='bbox 1563 3908 1590 3957; x_wconf 96' lang='lat' dir='ltr'>I</span> <span class='ocrx_word' id='word_1_247' title='bbox 1610 3944 1623 3968; x_wconf 96' lang='lat'>,</span> <span class='ocrx_word' id='word_1_248' title='bbox 1660 3924 1764 3971; x_wconf 86' lang='lat' dir='ltr'>cap.</span> <span class='ocrx_word' id='word_1_249' title='bbox 1800 3907 1877 3958; x_wconf 86' lang='lat' dir='ltr'>VI</span> <span class='ocrx_word' id='word_1_250' title='bbox 1896 3944 1910 3968; x_wconf 91' lang='lat'>,</span> <span class='ocrx_word' id='word_1_251' title='bbox 1952 3910 2009 3955; x_wconf 88' lang='lat'>19</span> <span class='ocrx_word' id='word_1_252' title='bbox 2042 3905 2254 3971; x_wconf 85' lang='lat' dir='ltr'>perspici</span> <span class='ocrx_word' id='word_1_253' title='bbox 2284 3909 2461 3969; x_wconf 86' lang='lat' dir='ltr'>potest.</span> <span class='ocrx_word' id='word_1_254' title='bbox 2510 3905 2627 3955; x_wconf 89' lang='lat' dir='ltr'>Iure</span> <span class='ocrx_word' id='word_1_255' title='bbox 2649 3904 2847 3955; x_wconf 83' lang='lat' dir='ltr'>Tullius</span> 
     </span>
     <span class='ocr_line' id='line_1_30' title="bbox 397 3999 2847 4077; baseline -0.002 -22"><span class='ocrx_word' id='word_1_256' title='bbox 397 4004 748 4055; x_wconf 84' lang='lat' dir='ltr'>animadvertit</span> <span class='ocrx_word' id='word_1_257' title='bbox 778 4004 871 4055; x_wconf 89' lang='lat' dir='ltr'>hoc</span> <span class='ocrx_word' id='word_1_258' title='bbox 905 4020 957 4053; x_wconf 89' lang='lat' dir='ltr'>re</span> <span class='ocrx_word' id='word_1_259' title='bbox 989 4018 1106 4053; x_wconf 83' lang='lat' dir='ltr'>vera</span> <span class='ocrx_word' id='word_1_260' title='bbox 1140 4019 1245 4053; x_wconf 85' lang='lat' dir='ltr'>esse</span> <span class='ocrx_word' id='word_1_261' title='bbox 1277 4002 1418 4068; x_wconf 80' lang='lat' dir='ltr'>quasi</span> <span class='ocrx_word' id='word_1_262' title='bbox 1451 4002 1729 4067; x_wconf 80' lang='lat' dir='ltr'>provincias</span> <span class='ocrx_word' id='word_1_263' title='bbox 1762 4002 1940 4053; x_wconf 88' lang='lat' dir='ltr'>atomis</span> <span class='ocrx_word' id='word_1_264' title='bbox 1973 4004 2105 4077; x_wconf 83' lang='lat' dir='ltr'>dare¹</span> <span class='ocrx_word' id='word_1_265' title='bbox 2122 4006 2173 4051; x_wconf 83' lang='lat' dir='ltr'>et</span> <span class='ocrx_word' id='word_1_266' title='bbox 2204 4005 2374 4052; x_wconf 85' lang='lat' dir='ltr'>contra</span> <span class='ocrx_word' id='word_1_267' title='bbox 2394 3999 2552 4065; x_wconf 82' lang='lat' dir='ltr'>ipsam</span> <span class='ocrx_word' id='word_1_268' title='bbox 2574 3999 2847 4049; x_wconf 85' lang='lat' dir='ltr'>doctrinam</span> 
     </span>
     <span class='ocr_line' id='line_1_31' title="bbox 397 4116 688 4165; baseline -0.007 -14"><span class='ocrx_word' id='word_1_269' title='bbox 397 4116 688 4165; x_wconf 84' lang='lat' dir='ltr'>repugnare.</span> 
     </span>
    </p>

    <p class='ocr_par' dir='ltr' id='par_1_6' title="bbox 398 4188 2849 4639">
     <span class='ocr_line' id='line_1_32' title="bbox 463 4188 2846 4280; baseline -0.003 -36"><span class='ocrx_word' id='word_1_270' title='bbox 463 4195 502 4255; x_wconf 77' lang='grc'>2)</span> <span class='ocrx_word' id='word_1_271' title='bbox 569 4193 816 4257; x_wconf 87' lang='lat' dir='ltr'>Epicurus</span> <span class='ocrx_word' id='word_1_272' title='bbox 860 4193 991 4244; x_wconf 88' lang='lat' dir='ltr'>idem</span> <span class='ocrx_word' id='word_1_273' title='bbox 1024 4192 1192 4243; x_wconf 90' lang='lat' dir='ltr'>docuit</span> <span class='ocrx_word' id='word_1_274' title='bbox 1223 4193 1372 4243; x_wconf 89' lang='lat' dir='ltr'>Deor.</span> <span class='ocrx_word' id='word_1_275' title='bbox 1413 4192 1526 4241; x_wconf 86' lang='lat' dir='ltr'>Nat.</span> <span class='ocrx_word' id='word_1_276' title='bbox 1564 4192 1591 4241; x_wconf 96' lang='lat' dir='ltr'>I</span> <span class='ocrx_word' id='word_1_277' title='bbox 1611 4229 1624 4252; x_wconf 90' lang='lat'>‚</span> <span class='ocrx_word' id='word_1_278' title='bbox 1677 4207 1783 4255; x_wconf 83' lang='lat' dir='ltr'>cap.</span> <span class='ocrx_word' id='word_1_279' title='bbox 1818 4190 1995 4252; x_wconf 88' lang='lat' dir='ltr'><strong>XXV,</strong></span> <span class='ocrx_word' id='word_1_280' title='bbox 2032 4193 2127 4280; x_wconf 66' lang='lat' dir='ltr'>Gq:</span> <span class='ocrx_word' id='word_1_281' title='bbox 2196 4188 2381 4251; x_wconf 82' lang='lat' dir='ltr'>„Velut</span> <span class='ocrx_word' id='word_1_282' title='bbox 2412 4188 2658 4253; x_wconf 84' lang='lat' dir='ltr'>Epicurus</span> <span class='ocrx_word' id='word_1_283' title='bbox 2672 4225 2685 4249; x_wconf 91' lang='lat'>‚</span> <span class='ocrx_word' id='word_1_284' title='bbox 2732 4204 2846 4237; x_wconf 88' lang='lat' dir='ltr'>cum</span> 
     </span>
     <span class='ocr_line' id='line_1_33' title="bbox 400 4284 2849 4350; baseline -0.003 -9"><span class='ocrx_word' id='word_1_285' title='bbox 400 4291 591 4342; x_wconf 86' lang='lat' dir='ltr'>videret</span> <span class='ocrx_word' id='word_1_286' title='bbox 645 4290 688 4339; x_wconf 89' lang='lat' dir='ltr'>si</span> <span class='ocrx_word' id='word_1_287' title='bbox 736 4289 889 4339; x_wconf 83' lang='lat' dir='ltr'>atomi</span> <span class='ocrx_word' id='word_1_288' title='bbox 935 4290 1180 4339; x_wconf 87' lang='lat' dir='ltr'>ferrentur</span> <span class='ocrx_word' id='word_1_289' title='bbox 1223 4288 1278 4337; x_wconf 88' lang='lat' dir='ltr'>in</span> <span class='ocrx_word' id='word_1_290' title='bbox 1330 4288 1495 4337; x_wconf 89' lang='lat' dir='ltr'>locum</span> <span class='ocrx_word' id='word_1_291' title='bbox 1527 4287 1809 4337; x_wconf 88' lang='lat' dir='ltr'>inferiorem</span> <span class='ocrx_word' id='word_1_292' title='bbox 1845 4293 2017 4350; x_wconf 82' lang='lat' dir='ltr'>suopte</span> <span class='ocrx_word' id='word_1_293' title='bbox 2049 4287 2263 4350; x_wconf 88' lang='lat' dir='ltr'>pondere</span> <span class='ocrx_word' id='word_1_294' title='bbox 2297 4285 2427 4334; x_wconf 85' lang='lat' dir='ltr'>nihil</span> <span class='ocrx_word' id='word_1_295' title='bbox 2458 4285 2562 4335; x_wconf 83' lang='lat' dir='ltr'>fore</span> <span class='ocrx_word' id='word_1_296' title='bbox 2593 4284 2647 4333; x_wconf 87' lang='lat' dir='ltr'>in</span> <span class='ocrx_word' id='word_1_297' title='bbox 2679 4290 2849 4334; x_wconf 83' lang='lat' dir='ltr'>nostra</span> 
     </span>
     <span class='ocr_line' id='line_1_34' title="bbox 398 4378 2845 4448; baseline -0.003 -15"><span class='ocrx_word' id='word_1_298' title='bbox 398 4388 670 4448; x_wconf 77' lang='lat' dir='ltr'>potestate,</span> <span class='ocrx_word' id='word_1_299' title='bbox 707 4384 839 4447; x_wconf 92' lang='lat' dir='ltr'>quod</span> <span class='ocrx_word' id='word_1_300' title='bbox 871 4388 999 4432; x_wconf 86' lang='lat' dir='ltr'>esset</span> <span class='ocrx_word' id='word_1_301' title='bbox 1032 4398 1199 4431; x_wconf 85' lang='lat' dir='ltr'>earum</span> <span class='ocrx_word' id='word_1_302' title='bbox 1232 4389 1396 4431; x_wconf 86' lang='lat' dir='ltr'>motus</span> <span class='ocrx_word' id='word_1_303' title='bbox 1430 4386 1591 4430; x_wconf 87' lang='lat' dir='ltr'>certus</span> <span class='ocrx_word' id='word_1_304' title='bbox 1624 4386 1678 4429; x_wconf 86' lang='lat' dir='ltr'>et</span> <span class='ocrx_word' id='word_1_305' title='bbox 1706 4379 2009 4429; x_wconf 85' lang='lat' dir='ltr'>necessarius</span> <span class='ocrx_word' id='word_1_306' title='bbox 2024 4417 2037 4440; x_wconf 90' lang='lat'>‚</span> <span class='ocrx_word' id='word_1_307' title='bbox 2085 4378 2279 4429; x_wconf 86' lang='lat' dir='ltr'>invenit</span> <span class='ocrx_word' id='word_1_308' title='bbox 2297 4415 2311 4439; x_wconf 91' lang='lat'>,</span> <span class='ocrx_word' id='word_1_309' title='bbox 2358 4394 2456 4443; x_wconf 91' lang='lat' dir='ltr'>quo</span> <span class='ocrx_word' id='word_1_310' title='bbox 2503 4378 2647 4428; x_wconf 88' lang='lat' dir='ltr'>modo</span> <span class='ocrx_word' id='word_1_311' title='bbox 2678 4393 2845 4427; x_wconf 87' lang='lat' dir='ltr'>neces·</span> 
     </span>
     <span class='ocr_line' id='line_1_35' title="bbox 401 4474 2849 4543; baseline -0.002 -14"><span class='ocrx_word' id='word_1_312' title='bbox 401 4479 595 4529; x_wconf 84' lang='lat' dir='ltr'>sitatem</span> <span class='ocrx_word' id='word_1_313' title='bbox 631 4478 868 4543; x_wconf 84' lang='lat' dir='ltr'>effugeret</span> <span class='ocrx_word' id='word_1_314' title='bbox 885 4514 898 4538; x_wconf 91' lang='lat'><strong>,</strong></span> <span class='ocrx_word' id='word_1_315' title='bbox 947 4478 1079 4542; x_wconf 91' lang='lat' dir='ltr'>quod</span> <span class='ocrx_word' id='word_1_316' title='bbox 1111 4476 1344 4527; x_wconf 85' lang='lat' dir='ltr'>videlicet</span> <span class='ocrx_word' id='word_1_317' title='bbox 1378 4476 1716 4526; x_wconf 90' lang='lat' dir='ltr'>Democritum</span> <span class='ocrx_word' id='word_1_318' title='bbox 1749 4476 1976 4539; x_wconf 80' lang='lat' dir='ltr'>fugerat:</span> <span class='ocrx_word' id='word_1_319' title='bbox 2016 4474 2089 4525; x_wconf 83' lang='lat' dir='ltr'>ait</span> <span class='ocrx_word' id='word_1_320' title='bbox 2123 4480 2341 4525; x_wconf 81' lang='lat' dir='ltr'>atomum</span> <span class='ocrx_word' id='word_1_321' title='bbox 2360 4510 2374 4535; x_wconf 91' lang='lat'>,</span> <span class='ocrx_word' id='word_1_322' title='bbox 2410 4480 2523 4523; x_wconf 73' lang='lat' dir='ltr'>cum</span> <span class='ocrx_word' id='word_1_323' title='bbox 2552 4474 2765 4537; x_wconf 90' lang='lat' dir='ltr'>pondere</span> <span class='ocrx_word' id='word_1_324' title='bbox 2797 4476 2849 4523; x_wconf 84' lang='lat' dir='ltr'>et</span> 
     </span>
     <span class='ocr_line' id='line_1_36' title="bbox 399 4554 1971 4639; baseline -0.002 -16"><span class='ocrx_word' id='word_1_325' title='bbox 399 4573 645 4639; x_wconf 83' lang='lat' dir='ltr'>gravitate</span> <span class='ocrx_word' id='word_1_326' title='bbox 678 4573 862 4623; x_wconf 87' lang='lat' dir='ltr'>directo</span> <span class='ocrx_word' id='word_1_327' title='bbox 894 4574 1094 4623; x_wconf 84' lang='lat' dir='ltr'>deorsus</span> <span class='ocrx_word' id='word_1_328' title='bbox 1126 4573 1314 4622; x_wconf 82' lang='lat' dir='ltr'>feratur</span> <span class='ocrx_word' id='word_1_329' title='bbox 1331 4609 1345 4634; x_wconf 92' lang='lat'>‚</span> <span class='ocrx_word' id='word_1_330' title='bbox 1381 4572 1626 4622; x_wconf 86' lang='lat' dir='ltr'>declinare</span> <span class='ocrx_word' id='word_1_331' title='bbox 1657 4554 1971 4635; x_wconf 50' lang='lat' dir='ltr'>paululum?</span> 
     </span>
    </p>

    <p class='ocr_par' dir='ltr' id='par_1_7' title="bbox 467 4668 1077 4734">
     <span class='ocr_line' id='line_1_37' title="bbox 467 4668 1077 4734; baseline -0.005 -14"><span class='ocrx_word' id='word_1_332' title='bbox 467 4671 502 4728; x_wconf 81' lang='lat'>3)</span> <span class='ocrx_word' id='word_1_333' title='bbox 573 4670 650 4720; x_wconf 80' lang='lat' dir='ltr'>Of.</span> <span class='ocrx_word' id='word_1_334' title='bbox 686 4669 743 4719; x_wconf 96' lang='lat' dir='ltr'>II</span> <span class='ocrx_word' id='word_1_335' title='bbox 764 4706 778 4730; x_wconf 92' lang='lat'>‚</span> <span class='ocrx_word' id='word_1_336' title='bbox 814 4668 936 4730; x_wconf 84' lang='lat'><strong>973,</strong></span> <span class='ocrx_word' id='word_1_337' title='bbox 971 4684 1077 4734; x_wconf 83' lang='lat' dir='ltr'>sqq.</span> 
     </span>
    </p>

    <p class='ocr_par' dir='ltr' id='par_1_8' title="bbox 467 4764 819 4830">
     <span class='ocr_line' id='line_1_38' title="bbox 467 4764 819 4830; baseline -0.006 -17"><span class='ocrx_word' id='word_1_338' title='bbox 467 4764 510 4830; x_wconf 73' lang='lat'>4)</span> <span class='ocrx_word' id='word_1_339' title='bbox 580 4765 640 4824; x_wconf 93' lang='grc' dir='ltr'>Ι,</span> <span class='ocrx_word' id='word_1_340' title='bbox 680 4767 819 4813; x_wconf 87' lang='lat'>1021.</span> 
     </span>
    </p>
   </div>
  </div>
 </body>
</html>
