3529 5359
1883 325 1965 390 56

708 550 836 594 non
894 549 1079 616 posse
1141 535 1383 594 atomos
1428 549 1618 593 sensu
1661 527 1983 614 praeditas
2028 549 2209 594 esse:
2273 528 2572 614 quoniam
2616 527 2830 592 nullae
2873 547 3145 612 unquam

709 654 858 712 sunt
881 653 1098 734 partes
1127 653 1511 730 atomorum,
1537 667 1805 732 quarum
1836 645 1987 711 ordo
2015 651 2299 710 mutatus
2329 644 2577 709 efficere
2609 643 2811 730 possit
2838 649 2913 708 ut
2942 643 3147 709 dolore

707 771 820 829 aut
863 764 1194 851 voluptate
1257 764 1400 851 quis
1457 763 1771 829 afficiatur
1824 762 1885 842 ¹).
1973 764 2268 850 Denique
2313 769 2612 850 repetens
2654 783 2846 849 quam
2889 783 2981 826 18.
3029 763 3148 826 914

708 881 836 946 iam
895 881 1213 968 expressit
1271 881 1757 966 cogitationem,
1828 879 2225 944 adversarios
2282 880 2512 944 illudit.
2604 879 2673 944 Si
2726 879 2922 943 atomi
2968 899 3151 942 sensu

711 1005 857 1064 sunt
931 999 1260 1086 praeditae
1278 1049 1294 1082 ,
1365 997 1520 1090 quid
1588 1003 1726 1062 tum
1791 997 2122 1062 hominum
2191 996 2552 1084 primordiis
2620 1002 2717 1062 est
2775 995 3150 1083 proprium?

707 1117 1068 1182 Primordia
1102 1121 1206 1198 „et
1237 1116 1368 1180 risu
1399 1116 1672 1180 tremulo
1705 1137 2010 1180 concussa
2040 1115 2420 1182 cachinnant
2451 1121 2517 1180 et
2546 1114 2822 1180 lacrimis
2852 1118 3153 1199 spargunt

707 1233 1073 1299 rorantibus
1104 1253 1213 1297 ora
1242 1253 1566 1318 genasque
1586 1282 1603 1316 ,
1650 1233 1979 1319 multaque
2006 1231 2084 1296 de
2110 1253 2323 1296 rerum
2348 1232 2631 1298 mixtura
2656 1231 2866 1295 dicere
2890 1231 3152 1312 callent,

711 1356 776 1416 et
826 1350 946 1414 sibi
998 1371 1306 1436 proporro
1352 1370 1515 1437 quae
1562 1350 1688 1413 sint
1733 1349 2081 1435 primordia
2124 1349 2507 1436 quaerunt”²
2523 1352 2569 1434 ).
2661 1348 2949 1414 Tandem
2992 1348 3155 1414 hanc

709 1473 959 1554 partem
1027 1466 1350 1531 doctrinae
1398 1488 1523 1554 quo
1569 1487 1760 1552 saepe
1806 1467 2007 1532 utitur
2050 1467 2237 1531 modo
2284 1455 2629 1533 concludit.
2714 1466 2980 1532 Poetica
3021 1472 3156 1530 arte

711 1589 1158 1669 argumentum
1210 1583 1278 1647 in
1306 1605 1398 1648 18.
1433 1585 1557 1648 875
1589 1605 1758 1670 seqq.
1791 1585 2112 1670 prolatum
2142 1585 2403 1650 uberius
2434 1584 2737 1671 exponit,
2785 1581 3159 1669 Euripidem

711 1719 1021 1786 sequens:
1077 1699 1374 1781 „caelesti
1421 1721 1637 1763 sumus
1668 1721 1889 1764 omnes
1918 1700 2159 1763 semine
2192 1700 2440 1764 oriundi
2468 1723 2482 1764 ε
2530 1700 2823 1764 omnibus
2850 1700 2960 1764 ille
2990 1698 3159 1764 idem

711 1821 895 1902 pater
963 1821 1059 1880 est
1119 1816 1420 1900 (coelum)
1491 1815 1841 1901 eademque
1885 1822 2108 1880 mater.
2196 1815 2419 1880 Atomi
2464 1837 2500 1880 e
2545 1821 2715 1880 terra
2760 1822 3050 1902 sumptae
3098 1821 3161 1880 et

709 1934 779 1998 in
823 1939 1058 1998 terram
1102 1939 1322 2019 postea
1383 1932 1822 2020 recipiendae,
1870 1954 2097 2019 corpus
2142 1939 2429 1998 nostrum
2476 1935 2911 2017 constituunt,
2980 1941 3051 1998 ut
3097 1935 3162 1998 id

712 2051 890 2115 nulla
932 2071 1001 2114 re
1049 2072 1087 2113 a
1111 2049 1303 2114 rebus
1331 2050 1629 2114 inanimis
1663 2049 2055 2114 discernatur
2094 2071 2284 2136 quam
2316 2057 2670 2116 atomorum
2704 2051 2925 2116 ordine
2949 2101 2967 2135 ,
2996 2052 3162 2137 posi-

711 2174 857 2234 tura
882 2219 898 2252 ,
957 2173 1136 2233 motu
1160 2165 1204 2251 3)
1251 2207 1334 2216 -
1402 2169 1547 2232 Ηο0
1609 2168 1677 2232 111
1735 2168 1899 2232 libro
1959 2168 2157 2252 igitur
2202 2169 2561 2254 Epicurum
2608 2176 2862 2234 secutus
2889 2219 2907 2254 ,
2973 2176 3165 2257 poeta

714 2285 994 2352 ostendit
1038 2307 1162 2372 quo
1207 2285 1395 2350 modo
1429 2285 1641 2350 omnia
1671 2307 1756 2350 ex
1788 2286 2013 2350 atomis
2036 2286 2163 2350 sint
2191 2286 2377 2350 facta.
2423 2286 2531 2351 Ad
2561 2287 2868 2352 mundum
2902 2287 3163 2374 eiusque

714 2402 1158 2490 phaenomena
1224 2403 1606 2489 explicanda
1660 2403 1839 2467 nulla
1906 2425 1974 2468 re
2042 2425 2201 2489 opus
2247 2409 2343 2467 est
2388 2404 2513 2468 nisi
2546 2405 2775 2469 atomis
2819 2425 3164 2491 earumque

713 2513 1027 2603 motibuS,
1082 2520 1301 2602 „nulla
1347 2519 1610 2584 deorum
1656 2521 1945 2606 potentia
1975 2542 2181 2608 neque
2213 2522 2655 2607 providentia,
2714 2542 2922 2608 neque
2952 2523 3166 2587 animo

713 2636 1185 2702 immateriali.'’
1279 2636 1516 2702 Omnes
1581 2658 1682 2702 res
1750 2637 2225 2724 complexiones
2294 2644 2442 2703 sunt
2502 2644 2891 2723 atomorum,
2947 2661 3167 2705 omnes

715 2761 894 2821 actus
954 2760 1100 2819 sunt
1158 2761 1367 2819 motus
1392 2805 1408 2838 ,
1477 2772 1696 2820 omnes
1764 2762 1975 2821 motus
2038 2761 2253 2821 autem
2314 2777 2399 2822 ex
2467 2763 2822 2823 atomorum
2887 2757 3167 2823 motibus

714 2877 980 2959 possunt
1042 2872 1369 2958 explicari.
1459 2872 1698 2937 Multas
1757 2872 2015 2959 quidem
2075 2894 2178 2937 res
2220 2874 2464 2938 moveri
2508 2874 2798 2939 videmus
2840 2880 3166 2961 tamquam

717 3010 835 3054 sua
879 2995 1107 3074 sponte
1134 3039 1150 3071 ,
1197 2994 1524 3074 tamquam
1569 3010 1682 3053 suo
1726 2994 1931 3053 marte
1976 3011 2266 3077 quaeque
2312 2996 2503 3075 agat:
2553 2997 2838 3057 attamen
2869 2993 3165 3056 fallimur.

715 3105 914 3172 Nulla
961 3110 1057 3170 est
1099 3104 1197 3170 118
1241 3111 1496 3192 praeter
1541 3111 1895 3171 atomorum
1944 3113 2195 3190 motus,
2241 3128 2405 3194 quae
2436 3129 2769 3194 corporum
2800 3109 2881 3173 sit
2913 3109 3171 3195 propria

719 3241 922 3309 eaque
966 3227 1245 3287 moveat.
1497 3203 1502 3207 ’

786 3423 826 3489 ¹)
897 3421 1092 3473 Codicis
1139 3420 1401 3471 lectionem
1447 3426 1617 3472 contra
1667 3422 1819 3472 Lach.
1854 3427 2084 3472 tuemur:
2123 3438 2223 3473 non
2243 3428 2411 3472 tamen
2434 3422 2734 3473 assentimur
2756 3422 2924 3473 Munr.
2953 3422 3169 3473 dicenti:

719 3515 877 3566 Lech.
924 3515 1015 3564 has
1065 3530 1095 3563 a
1142 3519 1271 3565 most
1319 3514 1526 3564 obscure
1574 3522 1721 3565 note:
1772 3514 1857 3565 the
1891 3515 2011 3581 only
2056 3514 2202 3579 thing
2233 3515 2275 3565 it
2308 3515 2494 3581 clearly
2527 3515 2687 3565 shows
2720 3514 2763 3565 is
2796 3515 2906 3565 that
2937 3516 3000 3565 he
3033 3516 3173 3581 quite

719 3611 835 3662 fails
867 3616 920 3661 1ο
951 3610 1234 3674 apprehend
1265 3610 1350 3659 the
1382 3611 1537 3673 poet's
1560 3609 1791 3673 meaning
1810 3647 1823 3669 ,
1859 3609 2007 3660 when
2039 3610 2102 3660 he
2124 3612 2266 3661 reads
2288 3609 2430 3661 here:
2460 3618 2728 3672 propterea.
2795 3611 2997 3660 Lachm.
3022 3611 3174 3661 verba

721 3722 822 3756 non
871 3710 989 3755 sunt
1034 3705 1271 3755 obscura:
1329 3704 1385 3753 in
1431 3720 1488 3754 eo
1520 3709 1716 3754 tantum
1751 3704 1906 3755 falsus
1940 3720 2045 3755 esse
2078 3704 2219 3755 nobis
2252 3704 2449 3755 videtur
2482 3706 2614 3769 quod
2646 3721 2720 3755 vs.
2757 3707 3011 3755 944—962
3043 3703 3173 3755 nihil

720 3801 857 3852 aliud
888 3816 994 3851 esse
1026 3799 1256 3863 opinatur
1289 3814 1438 3865 quam
1470 3800 1568 3849 duo
1589 3801 1752 3863 priora
1773 3798 1991 3849 membra
2013 3798 2401 3850 ratiocinationis
2424 3817 2437 3861 ;
2471 3804 2617 3864 poeta
2639 3800 2745 3849 sine
2766 3798 2916 3849 dubio
2938 3800 3171 3850 maiorem

723 3896 827 3947 vim
859 3894 923 3945 iis
957 3893 1163 3945 attribui
1193 3893 1412 3945 volebat.

787 3990 830 4056 ²)
899 3990 984 4040 Vs.
1022 3991 1116 4042 976
1150 4005 1284 4054 seqq.

788 4084 826 4144 ³)
893 4084 979 4135 Vs.
1031 4088 1154 4133 1013
1201 4088 1251 4134 81
1300 4100 1434 4149 seqq.
1484 4083 1655 4147 procul
1704 4082 1855 4132 dubio
1904 4084 2153 4146 pertinent
2200 4084 2263 4133 ad
2305 4084 2434 4133 hanc
2480 4084 2711 4135 carminis
2742 4090 2930 4148 partem
2948 4120 2961 4145 ‚
3012 4100 3173 4150 neque

724 4184 892 4231 tamen
939 4196 1031 4229 suo
1077 4178 1185 4229 loco
1234 4195 1394 4244 neque
1435 4186 1548 4243 apte
1580 4195 1610 4228 a
1643 4185 1789 4243 poeta
1820 4185 1939 4227 sunt
1972 4177 2219 4242 adscripti.
2292 4180 2602 4231 Democritus
2636 4180 2736 4229 iam
2771 4180 2995 4243 exemplo
3026 4196 3173 4229 usum

726 4291 832 4325 8888
863 4274 1141 4324 litterarum
1174 4274 1311 4325 vario
1334 4274 1502 4324 ordine
1524 4281 1575 4324 et
1595 4275 1702 4325 loco
1717 4312 1730 4334 ,
1757 4273 1939 4339 quibus
1960 4273 2068 4324 sint
2086 4274 2273 4338 positae
2293 4311 2306 4336 ,
2328 4276 2474 4325 modo
2498 4274 2795 4325 comoediam
2816 4276 2959 4325 modo
2980 4280 3172 4339 tragoe-

726 4370 857 4420 diam
891 4366 1288 4434 componentium
1301 4407 1315 4430 ,
1351 4374 1409 4419 ut
1449 4368 1717 4433 explicaret
1751 4370 2000 4434 quomodo
2033 4386 2095 4419 ex
2128 4374 2401 4420 atomorum
2416 4407 2429 4431 ,
2464 4370 2623 4420 forma
2643 4406 2656 4431 ,
2707 4369 2876 4420 ordine
2906 4406 2921 4430 ,
2954 4369 3175 4433 positura

728 4466 874 4531 (quae
906 4465 978 4515 ita
1011 4465 1270 4517 distinxit:
1309 4466 1525 4531 διαφέρει
1560 4470 1618 4518 τὸ
1652 4466 1742 4527 μέν
1780 4473 1815 4515 Α
1858 4469 1947 4516 τοῦ
1983 4470 2030 4514 N
2066 4465 2291 4530 σχήματι
2318 4502 2331 4529 ,
2370 4472 2427 4519 τὸ
2462 4466 2511 4517 δὲ
2536 4472 2628 4517 AN
2652 4469 2743 4519 τοῦ
2777 4472 2871 4517 NA
2909 4470 3042 4525 τάξει
3066 4503 3079 4528 ,
3114 4472 3172 4519 τὸ

729 4560 779 4611 δε
803 4567 839 4611 Ζ
863 4564 952 4613 τοῦ
978 4566 1024 4609 N
1049 4560 1202 4626 sieta)
1240 4560 1406 4611 omnia
1439 4560 1572 4610 facta
1603 4559 1704 4610 sint
1722 4595 1736 4621 ,
1772 4575 1920 4624 supra
1951 4559 2052 4610 iam
2083 4560 2401 4611 ostendimus.
