3529 5359
1642 329 1724 390 89

468 527 678 610 tangit
723 528 956 592 oculos.
1026 528 1208 592 Haec
1254 527 1467 592 omnia
1507 528 1667 591 fiunt
1713 548 1903 614 quam
1950 528 2310 611 celerrime,
2356 547 2565 614 neque
2610 527 2902 591 videmus

469 644 751 728 singulas
796 645 1134 728 imagineS‚
1183 644 1295 708 sed
1340 665 1564 729 corpus
1609 643 1897 708 videmus
1942 665 2068 707 11011
2098 644 2454 729 interrupta
2486 643 2648 708 serie
2678 643 2903 727 imagi-

467 781 623 824 num
669 761 893 824 eodem
938 761 1152 844 mod0,
1213 783 1337 847 quo
1381 782 1508 824 non
1553 761 1928 847 particulam
1976 782 2291 847 quamque
2336 761 2513 824 venti
2559 761 2868 824 sentimus
2887 808 2904 842 ‚

468 876 580 942 sed
634 884 840 942 totum
884 884 1176 960 ventum,
1224 899 1471 964 quoque
1503 884 1840 962 tangentes
1872 879 2268 964 superficiem
2300 877 2525 963 lapidis
2544 928 2560 961 ,
2604 898 2732 942 non
2764 898 2905 941 eam

467 1020 780 1063 summam
807 1005 1055 1085 partem
1085 999 1282 1062 solam
1305 1021 1419 1084 per
1451 1020 1516 1063 se
1545 999 1871 1081 sent-imm,
1904 999 2015 1062 sed
2048 1019 2264 1062 omnes
2294 1004 2654 1062 atomorum·
2678 1002 2903 1077 strues,

467 1138 632 1202 quae
676 1117 932 1202 penitus
976 1117 1044 1180 in
1089 1137 1348 1202 corpore
1394 1123 1582 1199 sunt,
1642 1137 1767 1202 quo
1811 1116 1884 1179 fit
1926 1122 1999 1179 ut
2046 1114 2123 1179 de
2170 1115 2403 1179 duritia
2447 1114 2582 1178 eius
2624 1113 2905 1176 iudicare

465 1234 796 1318 possimus,
857 1234 1106 1298 Deinde
1153 1234 1430 1318 explicat
1473 1240 1696 1318 poeta,
1744 1255 1855 1297 cur
1900 1239 2032 1298 tam
2062 1236 2305 1296 remota
2333 1254 2373 1296 a
2401 1231 2581 1294 nobis
2612 1229 2903 1294 videatur
2992 1302 2997 1306 ,

465 1350 677 1434 imago
743 1351 811 1414 in
877 1351 1149 1435 speculo.
1255 1351 1362 1414 Fit
1423 1351 1594 1414 enim
1667 1349 1943 1434 „duplici
2002 1349 2381 1434 geminoque
2427 1347 2613 1412 aere''
2684 1345 2907 1409 eodem

471 1466 660 1531 modo
733 1473 926 1554 atque
997 1468 1156 1531 alias
1226 1489 1328 1530 res
1397 1467 1628 1531 distare
1701 1466 2053 1530 videmus.>
2104 1467 2325 1550 Imago
2388 1464 2629 1550 speculi
2688 1463 2768 1527 ab
2830 1483 2907 1526 eo

467 1584 752 1669 profecta
817 1585 1116 1669 propellit
1176 1604 1392 1648 aerem
1457 1584 1624 1648 inter
1669 1583 1998 1668 speculum
2042 1587 2235 1669 atque
2280 1603 2397 1646 nos
2442 1583 2675 1645 situm:
2736 1579 2907 1643 hunc

467 1721 684 1764 aerem
727 1701 1003 1786 primum
1049 1701 1354 1765 sentimus
1401 1706 1466 1765 et
1510 1722 1624 1786 per
1668 1721 1815 1764 eum
1862 1700 1939 1764 de
1988 1700 2289 1764 distantia
2332 1698 2577 1784 speculi
2620 1696 2905 1761 iudicare

466 1839 830 1903 possumuS‚
870 1819 1049 1882 cuius
1092 1819 1437 1903 imaginem
1482 1818 1909 1903 percipimus:
1956 1817 2067 1882 sed
2114 1815 2336 1880 eodem
2380 1820 2616 1902 puncto
2663 1821 2906 1899 tempo-

463 1935 554 1998 ris
579 1983 596 2017 ,
660 1957 784 2020 quo
830 1935 1071 2020 speculi
1114 1935 1326 2020 imago
1372 1935 1454 2000 ad
1496 1957 1611 1999 nos
1653 1936 1989 2020 pervenit,
2057 1941 2273 1998 nostra
2315 1935 2526 2018 imago
2571 1933 2639 1996 in
2683 1951 2904 2019 specu-

466 2051 604 2114 lum
649 2073 794 2116 cum
837 2052 1120 2134 venerit,
1167 2052 1246 2116 ab
1293 2073 1368 2116 eo
1420 2053 1720 2116 reicietur
1766 2058 1829 2115 et
1873 2073 2091 2116 rursus
2136 2072 2349 2116 aerem
2378 2052 2545 2115 inter
2578 2049 2907 2136 speculum

479 2173 672 2255 atque
737 2191 853 2234 nos
897 2171 1252 2256 propellet:
1313 2171 1611 2256 quoniam
1655 2176 1871 2234 autem
1918 2189 1991 2234 eo
2037 2170 2225 2255 pulsu
2271 2169 2435 2234 aeris
2482 2168 2560 2232 de
2602 2165 2909 2230 distantia

471 2286 868 2369 iudicamuS,
914 2287 1095 2352 nobis
1138 2288 1249 2352 illa
1292 2288 1501 2372 imago
1547 2286 1869 2351 videbitur
1910 2286 2147 2373 duplici
2178 2288 2381 2372 spatio
2414 2286 2665 2350 distare.
2724 2282 2910 2357 Quod

473 2403 702 2467 dextra
745 2426 892 2488 pars
937 2405 1214 2489 corporis
1257 2405 1323 2467 in
1371 2405 1626 2490 speculo
1671 2405 1743 2468 fit
1789 2405 1972 2468 laeva
2016 2409 2083 2468 et
2127 2405 2311 2468 laeva
2342 2403 2601 2486 dextra,
2647 2403 2714 2466 id
2744 2403 2907 2467 hanc

469 2519 665 2585 habet
711 2543 964 2585 causam
1011 2521 1178 2607 quod
1221 2522 1532 2606 imagines
1577 2527 1789 2586 rectae
1835 2528 2179 2586 retrorsum
2226 2522 2313 2585 sic
2362 2521 2724 2603 eliduntur,
2800 2526 2909 2602 „ut

471 2636 665 2722 siquis
692 2687 708 2719 ,
775 2637 954 2723 prius
997 2637 1174 2703 arida
1219 2659 1407 2723 quam
1455 2638 1534 2702 sit
1582 2643 1795 2702 cretea
1840 2659 2138 2724 persona,
2204 2637 2445 2703 adlidat
2487 2637 2737 2725 pilaeve
2782 2641 2908 2701 tra-

472 2755 622 2819 bive
648 2805 664 2838 ‚
709 2760 900 2842 atque
947 2777 1024 2820 ea
1068 2757 1366 2821 continuo
1410 2762 1651 2821 rectam
1697 2757 1749 2819 si
1795 2757 1955 2820 forte
2003 2757 2273 2841 figuram
2319 2764 2529 2821 servet
2575 2762 2640 2820 et
2684 2757 2909 2821 elisam

474 2878 644 2937 retro
688 2894 826 2938 sese
867 2874 1186 2959 exprimat
1221 2874 1400 2959 ipsa”
1442 2872 1502 2952 ¹).
1549 2873 1746 2937 Plura
1770 2874 2029 2959 specula
2051 2880 2223 2938 certo
2248 2872 2436 2939 modo
2460 2875 2668 2960 posita
2692 2895 2909 2938 omnes

481 2989 757 3054 latebras
825 2990 1047 3055 domus
1089 2990 1272 3054 nobis
1315 2991 1625 3075 praebent
1671 2996 1736 3053 et
1780 2990 1959 3075 quasi
2006 2990 2318 3075 aperiunt.
2396 2990 2741 3055 Praeterea
2770 3011 2909 3075 spe-

474 3106 619 3171 cula
662 3127 940 3171 concava
985 3106 1257 3171 reiciunt
1300 3106 1614 3190 imagines
1658 3111 1865 3170 rectas
1890 3155 1907 3189 ‚
1968 3106 2060 3170 ita
2102 3112 2176 3171 ut
2222 3106 2449 3171 dextra
2480 3128 2625 3193 pars
2654 3128 2909 3192 respon-

475 3220 621 3285 deat
652 3221 917 3286 dextrae
942 3271 959 3305 ‚
1004 3222 1189 3287 laeva
1216 3224 1457 3286 laevae.
1536 3222 1734 3286 Plura
1766 3222 2078 3287 eiusmodi
2109 3223 2550 3309 phaenomena
2574 3272 2591 3306 ‚
2637 3244 2799 3310 quae
2830 3224 2911 3287 ad

474 3338 726 3423 opticen
793 3340 1118 3425 pertinent
1141 3388 1158 3422 ‚
1227 3340 1508 3426 explicat
1567 3344 1758 3425 poeta
1822 3341 1939 3423 (vs.
1996 3344 2291 3405 299—37
2299 3343 2407 3425 8),
2489 3362 2650 3428 quae
2696 3346 2912 3405 tamen

471 3456 917 3541 praeterimuS,
983 3476 1065 3520 ne
1133 3456 1323 3521 nimis
1388 3457 1581 3541 longa
1643 3458 1756 3522 fiat
1816 3457 1974 3521 haec
2022 3459 2361 3546 expositio.
2452 3458 2735 3546 Quisque
2760 3508 2779 3539 ‚
2845 3460 2914 3523 ni

472 3571 775 3656 fallimur,
843 3572 1174 3637 nobiscum
1235 3574 1570 3639 mirabitur
1615 3574 2030 3658 sagacitatem
2075 3576 2145 3640 in
2188 3575 2309 3641 hac
2358 3583 2539 3662 parte
2587 3577 2909 3642 doctrinae

473 3688 822 3753 adhibitam
889 3696 988 3774 et,
1051 3691 1106 3755 si
1161 3692 1240 3755 ,111
1305 3693 1552 3776 magnis
1596 3693 1873 3757 voluisse
1920 3698 2017 3757 sat
2063 3700 2189 3777 est,
2239 3715 2485 3759 summa
2528 3694 2715 3759 laude
2762 3700 2911 3759 sunt

476 3806 649 3890 digni
707 3807 1028 3894 Epicurei.
1117 3808 1421 3894 Epicurei
1481 3810 1746 3874 dicimus
1773 3860 1789 3892 ,
1850 3831 1998 3874 nam
2067 3811 2186 3875 etsi
2256 3812 2324 3875 in
2382 3811 2645 3898 Epicuri
2710 3812 2909 3899 ipsius

475 3924 722 4009 scriptis
765 3924 926 3988 nihil
969 3926 1327 3990 invenimus
1345 3976 1361 4009 ,
1407 3927 1574 4013 quod
1602 3926 1728 3991 huc
1756 3927 2159 3992 referendum
2191 3928 2306 4013 sit,
2352 3934 2566 3993 tamen
2596 3928 2907 3994 affirmare

475 4060 806 4126 possumus
848 4042 1222 4108 Lucretium
1266 4042 1425 4108 haec
1469 4065 1597 4108 non
1639 4045 1979 4108 invenisse.

563 4158 640 4221 In
707 4160 958 4245 scriptis
1026 4160 1198 4225 enim
1256 4160 1619 4226 Alexandri
1686 4161 2242 4249 AphrodisiensiS‚
2311 4164 2479 4228 docti
2544 4164 2910 4229 Aristotelis

479 4274 854 4359 scriptorum
919 4277 1320 4362 interpretis,
1409 4277 1519 4362 qui
1587 4277 1901 4364 Septimio
1962 4278 2207 4343 Severo
2276 4280 2531 4366 filioque
2593 4279 2918 4345 Caracalla

544 4549 581 4611 ¹)
645 4549 730 4599 Vs.
785 4552 876 4599 295
927 4566 1060 4617 seqq.
1130 4550 1278 4601 Godd.
1326 4568 1400 4602 vs.
1453 4554 1547 4601 322
1585 4554 1769 4617 fronte.
1852 4551 2138 4615 Briegerum
2200 4557 2399 4604 secutus
2448 4570 2569 4603 sum.
2620 4552 2695 4603 of.
2733 4552 2910 4603 Philol.

481 4641 676 4692 XXIX.
711 4660 823 4707 pag.
861 4650 950 4694 441
