3529 5359
1824 357 1951 462 22-

642 579 766 646 que
829 559 1294 624 numerandum
1339 565 1480 624 est:
1548 580 1680 624 non
1748 565 1848 624 est
1913 560 2359 646 incorporeum
2426 581 2543 646 per
2608 582 2696 642 se,
2756 565 2830 624 ut
2890 560 3087 625 Stoici

642 677 933 759 aiebant,
979 698 1126 741 nam
1177 683 1528 758 „semotum
1574 676 1653 742 ab
1699 699 1915 742 rerum
1968 683 2148 741 motu
2193 678 2569 764 placidaque
2614 677 2869 763 quiete”
2917 677 3085 760 (463)

641 813 832 859 nemo
895 795 964 858 id
1028 795 1265 859 sentire
1332 800 1582 880 potest:
1653 815 1755 858 res
1822 801 2042 879 gestae
2089 795 2247 858 item
2292 815 2421 858 non
2468 800 2615 858 sunt
2660 815 2774 879 per
2818 813 2930 875 se,
2977 792 3087 856 sed

645 918 878 977 eventa
943 933 1276 998 corporum
1343 918 1454 977 aut
1518 912 1802 977 locorum
1870 913 2065 994 (482).
2154 913 2436 997 Tempus
2480 917 2729 976 tantum
2773 911 2951 975 nobis
2994 911 3088 972 in-

646 1028 815 1094 dicat
857 1033 1134 1110 motum,
1182 1048 1305 1114 quo
1349 1028 1734 1113 percipimus
1753 1079 1770 1111 ,
1823 1035 2249 1110 „transactum
2296 1028 2449 1115 quid
2494 1029 2575 1092 sit
2618 1028 2685 1091 in
2716 1047 2907 1110 aevo,
2953 1031 3089 1089 tum

646 1166 808 1232 quae
851 1166 955 1210 res
999 1146 1196 1209 instet
1221 1195 1236 1226 ,
1278 1141 1436 1231 ‘quid
1479 1166 1666 1230 porro
1712 1145 1944 1210 deinde
1990 1147 2331 1232 sequatur”
2380 1147 2570 1228 (460).
2640 1145 2907 1209 Praeter
2949 1143 3087 1225 hoc,

647 1263 816 1350 quod
859 1283 1049 1328 sensu
1091 1263 1460 1348 percipitur,
1506 1269 1795 1348 tempuS,
1854 1264 1979 1328 alia
2039 1264 2261 1328 statuit
2306 1285 2445 1328 esse
2492 1269 2779 1349 tempora
2802 1296 2835 1344 ,·
2895 1261 3091 1343 „ratio

649 1402 812 1467 quae
877 1381 1186 1467 comperit
1252 1380 1432 1445 esse”
1501 1381 1642 1463 (IV.
1703 1383 1850 1464 794)
1917 1403 2205 1468 quaeque
2268 1383 2471 1446 multa
2524 1387 2811 1466 tempore
2854 1380 2922 1443 in
2965 1399 3091 1442 uno

647 1499 872 1562 latent.
961 1497 1160 1562 Plura
1223 1504 1441 1562 tamen
1499 1498 1566 1561 in
1624 1519 1696 1562 re
1764 1504 1898 1562 tam
1944 1499 2126 1583 gravi
2170 1521 2297 1566 uon
2365 1503 2609 1578 narrat,
2656 1505 2731 1561 ut
2775 1496 2967 1581 vulgo
3012 1495 3093 1559 ab

651 1614 962 1680 eiusmodi
1005 1614 1496 1699 cogitationibus
1540 1615 1976 1681 subtilioribus
2022 1636 2184 1702 quae
2230 1615 2313 1680 ad
2356 1615 2685 1702 physicam
2730 1635 2857 1678 non
2902 1612 3094 1699 perti-

651 1738 809 1797 nent
871 1731 1166 1796 abstinet.
1257 1732 1537 1796 Uberius
1603 1738 1821 1796 autem
1887 1733 2204 1818 Epicurus
2273 1739 2338 1797 et
2404 1732 2782 1818 philosopho
2843 1731 3095 1815 dignius

654 1851 734 1914 de
778 1857 1062 1936 tempore
1110 1849 1448 1933 disseruit3
1496 1871 1640 1914 cum
1686 1857 1903 1914 tamen
1947 1850 2052 1915 hic
2100 1849 2178 1914 de
2224 1851 2510 1915 Lucretii
2556 1849 2843 1914 doctrina
2887 1849 3097 1934 dispu-

653 1973 889 2048 temus,
934 1987 1063 2030 non
1109 1972 1205 2030 est
1249 1966 1426 2031 locus
1470 1965 1631 2030 haec
1676 1966 1951 2052 amplius
1981 1966 2313 2031 tractandi.
2384 1964 2575 2030 Modo
2622 1965 2903 2029 dicamus
2948 1965 3098 2050 Epi-

654 2105 875 2150 curum
921 2089 1176 2169 tempus
1223 2083 1546 2169 appellare
1594 2088 1942 2164 σύμπτωμα
2000 2085 2502 2166 συμπτωμάτων,
2550 2085 2991 2170 παρεπόμενον
3036 2084 3103 2157 ἡ·

651 2204 865 2287 μέραις
908 2229 972 2267 τε
1019 2205 1116 2267 καὶ
1166 2199 1306 2276 νυξὶ
1354 2206 1452 2268 καὶ
1500 2203 1691 2288 ὥραις
1739 2207 1836 2266 καὶ
1886 2202 2115 2266 πάθεσι
2162 2205 2259 2267 καὶ
2306 2203 2638 2281 ἀπαθείαις
2686 2205 2781 2266 καὶ
2829 2203 3101 2275 κινήσεσι

656 2324 755 2384 καὶ
820 2326 1049 2399 μοναῖς
1117 2317 1283 2401 (DL.
1352 2316 1438 2380 X.
1505 2319 1584 2381 73
1647 2321 1923 2393 κινήσεσι
1979 2347 2077 2384 και
2123 2319 2447 2401 στάσεσιν)
2496 2317 2675 2382 Sext.
2724 2317 2909 2402 Emp.
2957 2316 3097 2380 adv.

653 2433 852 2498 math.
921 2433 1007 2498 X.
1076 2435 1246 2517 219,
1317 2433 1494 2498 Stob.
1565 2433 1702 2497 Ecl.
1772 2434 1825 2498 Ι.
1886 2436 2013 2498 252
2041 2484 2057 2517 ,
2127 2441 2318 2521 atque
2364 2433 2445 2499 ab
2491 2455 2567 2499 eo
2614 2433 2991 2498 divisionem
3034 2433 3102 2496 in

659 2554 905 2640 χρόνον
951 2553 1260 2628 αἰσθητόν
1307 2556 1373 2614 et
1419 2553 1668 2638 χρόνον
1713 2549 1813 2618 &d
1858 2551 2067 2638 λόγου
2112 2555 2439 2639 θεωρητόν
2485 2552 2644 2634 (DL.
2678 2551 2763 2616 X.
2797 2554 2901 2634 47)
2932 2550 3099 2614 oriri.

745 2668 908 2735 Cum
954 2669 1048 2733 ita
1094 2668 1499 2755 descripserit
1553 2668 1896 2735 Lucretius
1942 2669 2097 2757 quid
2141 2669 2260 2753 sit,
2290 2669 2445 2757 quid
2474 2692 2602 2735 non
2633 2669 2717 2734 sit
2741 2719 2759 2752 ,
2807 2669 2885 2734 de
2917 2667 3101 2733 modo

657 2808 782 2873 quo
828 2786 957 2850 sint
1001 2807 1224 2851 omnes
1270 2806 1372 2849 res
1417 2786 1552 2850 sive
1616 2786 1694 2850 de
1739 2787 2072 2872 particulis
2092 2837 2108 2869 ,
2154 2808 2317 2874 quae
2342 2808 2449 2852 eas
2479 2792 2904 2873 componunt,
2950 2787 3100 2871 agit.

658 2903 940 2989 Corpora
981 2909 1132 2967 sunt
1169 2902 1404 2989 partim
1455 2902 1841 2989 „primordia
1882 2905 2140 2968 rerum”
2187 2906 2421 2990 partim
2468 2926 2551 2969 ex
2602 2904 2909 2987 „concilio
2942 2924 3103 2991 quae

659 3026 952 3086 constant
1018 3020 1542 3107 principiorum.”
1633 3020 1818 3085 Haec
1864 3021 2212 3107 primordia
2257 3022 2458 3087 solida
2516 3022 2642 3085 sint
2688 3043 2953 3108 corpora
2994 3042 3106 3085 ne·-

660 3157 837 3202 cesse
905 3142 1002 3201 est
1039 3137 1096 3220 ¹).
1187 3136 1244 3201 E
1313 3157 1503 3201 sensu
1556 3142 1801 3201 atomos
1846 3158 1985 3201 esse
2029 3138 2285 3223 probari
2327 3160 2457 3202 non
2499 3143 2747 3226 potest,
2792 3158 2982 3224 quam
3026 3136 3105 3201 ob

660 3276 797 3319 rem
841 3274 877 3318 e
921 3255 1189 3337 ratione,
1236 3276 1400 3341 quae
1430 3275 1645 3318 rerum
1674 3260 1970 3319 naturam
2002 3256 2488 3342 contemplatur,
2534 3256 2849 3321 auxilium
2889 3262 3108 3341 peten-

664 3371 814 3435 dum
845 3377 961 3436 est.
1030 3372 1183 3435 Tria
1211 3376 1608 3456 argumenta,
1641 3393 1805 3457 quae
1836 3395 2006 3438 nunc
2038 3381 2409 3459 sequuntur,
2443 3372 2665 3437 eodem
2698 3372 3109 3437 fundamento

671 3488 995 3553 nituntur:
1057 3509 1093 3552 e
1159 3494 1390 3552 natura
1455 3489 1762 3553 materiae
1833 3494 1899 3552 et
1962 3490 2149 3554 vacui
2218 3489 2616 3555 concluditur
2676 3496 2918 3553 atomos
2972 3509 3110 3553 esse

666 3755 783 3813 τὴν
815 3755 927 3804 τοῦ
959 3754 1112 3803 ὅλου
1145 3750 1336 3815 φύσιν
1368 3751 1538 3815 ἔχειν
1559 3788 1598 3802 ..
1648 3751 1764 3802 οὔτε
1810 3753 1912 3812 τὴν
1946 3756 2050 3802 τῶν
2083 3750 2261 3802 ἀϊδίων
2293 3751 2834 3816 παρακολουθοῦντων
2870 3749 2952 3815 (=
2993 3766 3116 3813 συμ-

665 3850 994 3914 βεβηκότων)
1033 3848 1103 3900 ὧν
1135 3850 1260 3898 ἄνευ
1289 3854 1433 3912 σῶμα
1467 3851 1529 3900 οὐ
1565 3848 1788 3901 δυνατὸν
1820 3851 2063 3900 νοεῖσθαι.
2133 3848 2196 3898 111
2230 3849 2252 3911 ᾧ
2288 3849 2343 3900 71
2381 3850 2733 3912 συμπτώματα
2781 3845 3115 3909 praedicatum

666 3944 839 3995 habet:
891 3946 982 3996 οὐκ
1032 3945 1196 4003 ἀΐδεω
1250 3945 1612 4009 συμβεβηκότα
1662 3949 1833 3994 contra
1877 3944 2094 4009 appellat
2142 3944 2313 4005 ἀΐδια;
2379 3949 2436 3993 ut
2485 3944 2850 4008 συμβεβηκότα
2900 3941 3116 4006 appellat

669 4041 1164 4102 παρακολουθοῦντα
1215 4037 1286 4088 sio
1321 4042 1672 4103 συμπτώματα
1695 4077 1742 4088 ..
1807 4040 1901 4089 οὐκ
1948 4037 2087 4088 ἀΐδια
2136 4040 2632 4102 παρακολουθοῦντα
2694 4039 2811 4103 (71).
2882 4036 3117 4087 Constare

669 4133 825 4198 igitur
856 4133 1052 4183 videtur
1083 4132 1248 4196 ipsum
1280 4131 1554 4195 Epicurum
1585 4132 1680 4182 hoc
1728 4131 1993 4181 discrimen
2024 4132 2247 4195 posuisse
2267 4170 2280 4193 ,
2334 4132 2528 4183 etiamsi
2559 4134 2806 4182 interdum
2824 4168 2838 4192 ,
2890 4130 2997 4181 sive
3026 4146 3115 4179 ne-

671 4228 935 4293 gligentia,
995 4228 1101 4278 sive
1156 4227 1288 4293 quod
1335 4243 1437 4277 non
1485 4226 1616 4276 inter
1663 4242 1714 4277 se
1748 4232 2066 4291 opponuntur
2112 4228 2475 4291 συμβεβηκότα
2508 4234 2561 4277 et
2593 4230 2941 4292 συμπτώματα
2961 4264 2972 4286 ,
3022 4225 3118 4275 hoc

669 4323 880 4373 alterum
921 4322 1221 4374 vocabulum
1269 4321 1444 4372 latiore
1477 4338 1650 4382 sensu,
1686 4326 1745 4371 ut
1786 4322 1859 4371 ita
1907 4321 2068 4371 dicam
2084 4358 2097 4381 ,
2154 4327 2436 4385 usurpatur,
2472 4326 2533 4371 ut
2584 4324 2607 4386 §
2644 4324 2705 4374 67
2748 4328 2800 4371 et
2846 4321 2866 4385 §
2906 4322 2983 4381 71,
3026 4320 3121 4369 ubi

672 4419 838 4469 omnia
879 4434 1080 4485 corpora
1121 4422 1476 4483 συμπτώματα
1521 4417 1759 4468 nominat.
1830 4418 1975 4475 Quod
2015 4416 2196 4467 Sextus
2238 4420 2297 4467 10
2316 4452 2330 4478 ‚
2370 4420 2462 4466 219
2507 4434 2556 4481 p.
2592 4418 2686 4469 670
2720 4417 2867 4478 dicit,
2906 4414 2986 4465 his
3016 4432 3121 4466 non

671 4518 931 4577 repugnat.

741 4608 775 4667 ι)
845 4608 908 4657 D.
944 4607 1002 4657 L.
1038 4607 1088 4657 X
1109 4646 1120 4667 ‚
1153 4610 1250 4656 40:
1299 4612 1402 4658 τῶν
1437 4605 1683 4670 σωμάτων
1718 4608 1783 4657 τὰ
1815 4606 1905 4671 μέν
1942 4606 2049 4657 ἐστι
2082 4610 2369 4673 συγκρίσεις
2404 4610 2467 4657 τὰ
2502 4607 2541 4658 δ’
2569 4608 2621 4665 ἐξ
2654 4608 2726 4658 ὦν
2760 4608 2813 4657 αἱ
2836 4610 3124 4673 συγκρίσεις

675 4706 1015 4764 πεποίηνται,
1051 4706 1217 4752 ταῦτα
1253 4702 1294 4751 δ’
1333 4702 1471 4752 ἐστὶν
1505 4704 1668 4766 ἄτομα
1703 4704 1789 4752 καὶ
1821 4702 2175 4766 ἀμετάβλητα.
