3529 5359
1633 435 1712 497 67

454 640 620 702 tiunt
681 660 746 703 se
814 639 953 723 ipso
1017 658 1278 723 corpore
1341 637 1619 700 sentire:
1687 636 1865 700 nulla
1911 637 2446 702 demonstratione
2494 643 2590 702 est
2634 659 2792 724 opus
2836 639 2895 721 ¹).

453 756 661 820 Multa
724 761 871 818 sunt
931 755 1196 818 obscura
1260 755 1328 818 in
1386 753 1506 817 hac
1568 754 1645 818 de
1705 755 2116 840 perceptione
2164 754 2467 819 doctrina.
2560 755 2743 821 Haec
2791 755 2897 819 ob-

453 873 720 936 scuritas
765 873 998 958 partim
1043 871 1462 957 proficiscitur
1507 893 1592 934 ex
1637 871 2056 955 ambiguitate
2102 872 2275 935 vocis
2322 893 2539 936 sensus
2587 874 2678 956 (et
2702 873 2895 936 etiam

453 991 794 1072 αἴσθησις).
885 989 1116 1052 Sensus
1186 989 1356 1052 enim
1417 1011 1454 1052 a
1516 989 1817 1052 Lucretio
1879 995 2221 1075 usurpatur
2267 1011 2409 1054 cum
2457 989 2536 1054 ad
2582 990 2899 1070 actionem

433 1089 768 1170 'sentiendi
814 1105 1234 1169 denotandam
1262 1155 1278 1188 ,
1325 1112 1462 1168 tum
1509 1105 1588 1169 ad
1635 1107 1951 1169 consciam
1998 1106 2314 1170 sentiendi
2358 1107 2489 1171 vim
2537 1107 2898 1192 exprimen-

454 1222 634 1286 dam:
681 1222 908 1308 prioris
954 1222 1134 1286 sedes
1181 1223 1391 1286 anima
1436 1242 1572 1286 esse
1620 1221 1854 1304 debet,
1900 1243 2015 1306 per
2060 1227 2266 1285 totum
2312 1243 2539 1309 corpus
2586 1221 2896 1308 dispersa,

454 1338 714 1403 alterius
791 1340 1070 1402 animus:
1163 1329 1549 1402 monendum
1618 1333 1833 1401 tamen
1904 1343 1999 1401 est
2066 1345 2321 1423 poetam
2390 1359 2579 1424 saepe
2642 1339 2899 1402 nomine

452 1455 646 1520 animi
720 1457 995 1520 animam
1060 1456 1360 1520 indicare.
1450 1455 1622 1539 Ergo
1685 1455 1993 1540 explicari
2061 1460 2271 1540 potest
2337 1454 2495 1519 haec
2573 1454 2898 1519 doctrinae

395 1661 400 1665 q
453 1595 598 1658 pars
642 1574 758 1655 ita,
805 1579 877 1636 ut
922 1595 1147 1658 corpus
1194 1573 1426 1636 sentiat
1473 1573 1756 1654 affectuS,
1806 1572 1915 1657 qui
1960 1572 2172 1636 animo
2212 1571 2470 1636 ⁴demum
2502 1572 2662 1636 etin
2689 1572 2899 1636 animo

454 1690 534 1754 ad
580 1691 1030 1754 conscientiam
1076 1691 1472 1775 perveniant.
1564 1689 1749 1764 Quod
1780 1690 1832 1752 si
1863 1689 1955 1753 ita
1986 1695 2119 1771 est,
2153 1689 2407 1753 difficile
2438 1696 2653 1754 tamen
2683 1695 2901 1754 manet

455 1807 828 1889 intellectu,
899 1806 1050 1892 quid
1110 1807 1447 1871 Lucretius
1518 1806 1635 1870 sibi
1681 1806 1857 1871 velit.
1948 1805 2163 1870 Antea
2208 1806 2373 1869 dixit
2418 1807 2613 1870 animi
2658 1813 2901 1871 atomos

453 1926 618 1988 solas
676 1931 857 2011 aptas
925 1947 1062 1988 esse
1125 1925 1206 1988 ad
1251 1924 1652 1989 sentiendum
1729 1924 1839 1988 sed
1900 1925 2010 2010 qui
2054 1930 2191 1988 tum
2238 1925 2515 2010 corporis
2560 1925 2903 2010 primordia

452 2041 624 2105 idem
661 2041 868 2106 facere
901 2048 1206 2128 possunt?
1253 2042 1321 2106 Si
1370 2042 1634 2107 dixisset
1681 2041 1959 2126 corporis
2004 2041 2349 2126 primordia
2379 2042 2737 2106 necessaria
2764 2063 2901 2106 esse

455 2159 536 2223 ad
598 2181 852 2224 sensum
900 2160 1336 2242 efficiendum,
1385 2168 1531 2223 eum
1575 2159 2095 2242 intellegeremus
2120 2207 2136 2240 ,
2182 2158 2288 2222 vel
2332 2159 2384 2221 si
2430 2158 2745 2223 docuisset
2788 2180 2903 2223 nos

455 2276 757 2358 (animum
803 2276 922 2340 sibi
967 2277 1313 2360 conscium)
1348 2297 1602 2361 corpore
1632 2277 1737 2340 vel
1766 2277 1835 2338 in
1880 2296 2135 2359 corpore
2165 2276 2428 2340 affectus
2462 2277 2698 2340 sentire
2726 2302 2739 2339 z
2790 2275 2903 2340 sed

456 2393 576 2457 hoc
620 2393 830 2478 ipsum
873 2399 1066 2479 poeta
1109 2399 1322 2477 negat.
1414 2392 1506 2457 At
1550 2399 1688 2456 tum
1733 2393 2094 2478 quaeritur:
2159 2394 2270 2478 qui
2312 2400 2577 2478 possunt
2623 2394 2903 2480 corporis

455 2511 678 2594 atomi,
718 2533 879 2597 quae
919 2533 1032 2574 sua
1063 2516 1290 2575 natura
1317 2510 1550 2574 sentire
1577 2511 1828 2592 (neutro
1854 2510 2110 2595 quidem
2136 2513 2343 2592 sensu)
2369 2516 2730 2596 nequeunt,
2757 2532 2901 2574 cum

455 2629 664 2692 animo
711 2629 802 2693 ita
831 2628 1046 2713 iungi,
1093 2635 1164 2692 ut
1195 2629 1370 2715 ipsae
1403 2628 1732 2693 sentiant?
1779 2623 2119 2714 praecipue
2152 2649 2296 2692 cum
2327 2628 2581 2693 omnino
2607 2628 2901 2693 immuta-

452 2744 610 2808 bilia
667 2745 793 2808 sint
853 2744 1216 2831 primordia.
1308 2744 1622 2830 Epicurus
1663 2734 1923 2808 'nullam
1985 2746 2195 2809 lucem
2242 2745 2466 2809 affert:
2536 2746 2626 2810 ait
2671 2746 2901 2810 solum-

453 2860 640 2926 modo
708 2883 934 2948 corpus
994 2862 1073 2926 ab
1141 2863 1350 2926 animo
1419 2883 1638 2927 sensus
1697 2863 1870 2926 illius
1930 2862 2248 2947 particeps
2294 2862 2462 2944 fieri,
2524 2862 2635 2925 sed
2680 2863 2791 2948 qui
2834 2861 2903 2926 id

454 2976 594 3041 fieri
637 2978 836 3063 possit
865 3000 993 3042 non
1025 2979 1324 3064 explicat.
1415 2978 1708 3042 Fortasse
1741 2977 2079 3063 Epicurei,
2110 2976 2281 3063 quod
2310 2962 2560 3063 saepius
2585 2977 2899 3060 fecerunt,

454 3094 521 3157 in
564 3093 683 3159 hac
737 3096 1106 3181 quaestione
1152 3116 1402 3182 quoque
1433 3117 1730 3159 sensuum
1777 3096 2221 3160 auctoritatem
2268 3096 2464 3159 solam
2496 3095 2697 3159 secuti
2729 3101 2894 3159 sunt.

456 3212 738 3298 Quisque
784 3214 977 3276 sentit
1007 3213 1286 3277 dolorem
1319 3236 1430 3279 suo
1462 3236 1722 3299 corpore
1749 3263 1766 3296 ,
1813 3233 1963 3298 ergo
1998 3235 2222 3299 corpus
2254 3213 2483 3293 sentit,
2526 3212 2647 3276 hoc
2677 3212 2901 3296 negari

453 3349 581 3392 non
647 3335 897 3414 potest:
961 3336 1026 3393 at
1093 3331 1374 3394 animum
1444 3352 1582 3395 esse
1653 3337 1718 3395 et
1763 3331 2033 3416 primam
2080 3337 2144 3394 et
2187 3330 2443 3394 unicam
2488 3352 2709 3394 sensus
2756 3350 2892 3394 esse

455 3464 710 3507 causam
779 3445 972 3508 etiam
1041 3452 1322 3529 constat,
1391 3446 1608 3533 itaque
1677 3469 1905 3532 corpus
1973 3469 2101 3511 non
2170 3452 2380 3532 potest
2447 3447 2700 3511 sentire.
2800 3446 2898 3511 Ut

454 3559 611 3625 haec
672 3562 840 3625 inter
899 3584 966 3626 se
1013 3564 1455 3647 conciliarent,
1502 3563 1662 3628 nihil
1706 3565 1990 3629 restabat
2034 3564 2158 3628 nisi
2204 3570 2276 3627 ut
2322 3565 2604 3629 animum
2650 3564 2897 3650 corpori

455 3698 712 3742 sensum
780 3680 1105 3765 impertire
1170 3681 1602 3765 decernerent.
1682 3681 2024 3769 ⁸Quomodo
2089 3687 2305 3745 autem
2350 3681 2469 3746 hoc
2515 3681 2654 3746 fieri
2697 3682 2899 3767 possit

453 3816 582 3859 non
627 3796 964 3881 indagasse
1010 3798 1329 3863 videntur.

540 3912 727 3978 Hanc
794 3914 966 3978 viam
1034 3899 1142 3979 eos
1205 3922 1454 3980 secutos
1501 3937 1638 3981 esse
1684 3918 1878 3980 etiam
1941 3921 2211 3979 testatur
2268 3914 2667 4001 exemplum,
2728 3915 2895 4002 quod

455 4029 534 4094 de
587 4032 910 4097 oculorum
961 4034 1220 4098 videndi
1273 4035 1574 4101 facultate
1626 4034 1837 4121 prodit
1867 4034 2223 4099 Lucretius
2325 4034 2694 4098 Sententiae
2726 4034 2897 4098 enim

451 4148 891 4234 Parmenidis,
971 4150 1375 4238 Empedoclis
1399 4204 1415 4237 ,
1489 4154 1811 4236 Platonis,
1888 4174 2078 4240 quam
2154 4152 2375 4217 Cicero
2446 4152 2628 4236 Disp.
2706 4152 2893 4215 Tusc.

452 4266 506 4330 Ι.
588 4269 721 4351 20,
791 4270 872 4332 46
943 4268 1036 4333 ita
1103 4270 1445 4356 exprimit:
1536 4293 1686 4353 „nos
1753 4271 1924 4335 enim
1991 4290 2071 4334 ne
2136 4290 2305 4333 nunc
2372 4267 2629 4356 quidem
2698 4267 2897 4332 oculis

454 4384 772 4448 cernimus
846 4406 962 4468 ea,
1030 4409 1192 4473 quae
1259 4388 1569 4453 videmus.
1658 4388 1887 4474 Neque
1961 4392 2059 4449 est
2134 4386 2305 4450 enim
2349 4386 2517 4449 ullus
2564 4406 2783 4449 sensus
2826 4385 2895 4448 in

469 4522 730 4587 corpore
759 4552 775 4585 ,
854 4503 968 4567 sed
1029 4554 1042 4567 .
1097 4554 1110 4567 .
1163 4554 1176 4567 .
1239 4506 1382 4569 viae
1460 4505 1640 4591 quasi
1716 4503 2029 4591 quaedam
2108 4509 2257 4567 sunt
2324 4502 2405 4567 ad
2472 4504 2687 4567 oculos
2712 4551 2729 4585 ,
2814 4500 2913 4570 ad,

457 4640 684 4703 aureS,
764 4620 846 4685 ad
920 4642 1106 4685 nares
1191 4645 1228 4687 a
1296 4622 1444 4687 sede
1491 4623 1686 4687 animi
1750 4621 2106 4708 perforatae
2154 4670 2169 4685 .
2218 4670 2233 4684 .
2284 4670 2299 4684 .
2347 4670 2362 4684 .
2410 4626 2483 4684 ut
2548 4620 2735 4685 facile
2800 4620 2895 4684 in-

523 4790 558 4852 ¹)
629 4788 714 4839 vs.
751 4792 862 4839 355.

567 4865 571 4869 .
2470 4868 2547 4933 5*
