<?xml version="1.0" encoding="UTF-8"?>
<!DOCTYPE html PUBLIC "-//W3C//DTD XHTML 1.0 Transitional//EN"
    "http://www.w3.org/TR/xhtml1/DTD/xhtml1-transitional.dtd">
<html xmlns="http://www.w3.org/1999/xhtml" xml:lang="en" lang="en">
 <head>
  <title>
</title>
<meta http-equiv="Content-Type" content="text/html;charset=utf-8" />
  <meta name='ocr-system' content='tesseract 3.04.00' />
  <meta name='ocr-capabilities' content='ocr_page ocr_carea ocr_par ocr_line ocrx_word'/>
</head>
<body>
  <div class='ocr_page' id='page_1' title='image "./lucretiiphiloso01woltgoog_0106.png"; bbox 0 0 3529 5359; ppageno 0'>
   <div class='ocr_carea' id='block_1_1' title="bbox 1707 378 1791 442">
    <p class='ocr_par' dir='ltr' id='par_1_1' title="bbox 1707 378 1791 442">
     <span class='ocr_line' id='line_1_1' title="bbox 1707 378 1791 442; baseline 0.024 -2"><span class='ocrx_word' id='word_1_1' title='bbox 1707 378 1791 442; x_wconf 80' lang='lat'>94</span> 
     </span>
    </p>
   </div>
   <div class='ocr_carea' id='block_1_2' title="bbox 553 577 3014 4179">
    <p class='ocr_par' dir='ltr' id='par_1_2' title="bbox 553 577 3014 4179">
     <span class='ocr_line' id='line_1_2' title="bbox 561 577 2987 666; baseline -0.002 -20"><span class='ocrx_word' id='word_1_2' title='bbox 561 581 747 664; x_wconf 90' lang='lat' dir='ltr'>dicit,</span> <span class='ocrx_word' id='word_1_3' title='bbox 816 580 966 645; x_wconf 90' lang='lat' dir='ltr'>inde</span> <span class='ocrx_word' id='word_1_4' title='bbox 1029 580 1280 666; x_wconf 88' lang='lat' dir='ltr'>explico</span> <span class='ocrx_word' id='word_1_5' title='bbox 1341 578 1510 666; x_wconf 88' lang='lat' dir='ltr'>quod</span> <span class='ocrx_word' id='word_1_6' title='bbox 1533 627 1550 662; x_wconf 94' lang='lat'>,</span> <span class='ocrx_word' id='word_1_7' title='bbox 1618 577 1935 664; x_wconf 84' lang='lat' dir='ltr'>Epicurus</span> <span class='ocrx_word' id='word_1_8' title='bbox 1979 579 2090 642; x_wconf 85' lang='lat' dir='ltr'>vix</span> <span class='ocrx_word' id='word_1_9' title='bbox 2134 599 2271 644; x_wconf 90' lang='lat' dir='ltr'>rem</span> <span class='ocrx_word' id='word_1_10' title='bbox 2315 578 2639 643; x_wconf 85' lang='lat' dir='ltr'>definitam</span> <span class='ocrx_word' id='word_1_11' title='bbox 2682 579 2801 643; x_wconf 91' lang='lat' dir='ltr'>sibi</span> <span class='ocrx_word' id='word_1_12' title='bbox 2841 599 2987 664; x_wconf 90' lang='lat' dir='ltr'>pro-</span> 
     </span>
     <span class='ocr_line' id='line_1_3' title="bbox 557 694 2985 784; baseline -0.001 -22"><span class='ocrx_word' id='word_1_13' title='bbox 557 719 792 784; x_wconf 83' lang='lat' dir='ltr'>ponere</span> <span class='ocrx_word' id='word_1_14' title='bbox 837 696 1088 784; x_wconf 81' lang='lat' dir='ltr'>potuit3</span> <span class='ocrx_word' id='word_1_15' title='bbox 1123 696 1298 760; x_wconf 88' lang='lat' dir='ltr'>.inde</span> <span class='ocrx_word' id='word_1_16' title='bbox 1362 695 1474 759; x_wconf 91' lang='lat' dir='ltr'>illa</span> <span class='ocrx_word' id='word_1_17' title='bbox 1541 695 1871 758; x_wconf 88' lang='lat' dir='ltr'>fluctuatio</span> <span class='ocrx_word' id='word_1_18' title='bbox 1938 694 2005 758; x_wconf 93' lang='lat' dir='ltr'>in</span> <span class='ocrx_word' id='word_1_19' title='bbox 2068 695 2342 758; x_wconf 88' lang='lat' dir='ltr'>nomine.</span> <span class='ocrx_word' id='word_1_20' title='bbox 2432 694 2747 768; x_wconf 84' lang='lat' dir='ltr'>Quoniam</span> <span class='ocrx_word' id='word_1_21' title='bbox 2792 695 2985 760; x_wconf 89' lang='lat' dir='ltr'>etiam</span> 
     </span>
     <span class='ocr_line' id='line_1_4' title="bbox 559 809 2987 902; baseline -0.002 -22"><span class='ocrx_word' id='word_1_22' title='bbox 559 816 641 880; x_wconf 91' lang='lat' dir='ltr'>ab</span> <span class='ocrx_word' id='word_1_23' title='bbox 715 817 852 902; x_wconf 90' lang='lat' dir='ltr'>ipso</span> <span class='ocrx_word' id='word_1_24' title='bbox 927 814 1138 879; x_wconf 91' lang='lat' dir='ltr'>animo</span> <span class='ocrx_word' id='word_1_25' title='bbox 1211 813 1469 878; x_wconf 90' lang='lat' dir='ltr'>formari</span> <span class='ocrx_word' id='word_1_26' title='bbox 1542 818 1805 898; x_wconf 76' lang='lat' dir='ltr'>possunt</span> <span class='ocrx_word' id='word_1_27' title='bbox 1830 861 1847 894; x_wconf 93' lang='lat'>,</span> <span class='ocrx_word' id='word_1_28' title='bbox 1930 809 2155 878; x_wconf 76' lang='grc' dir='ltr'>εἴδωλα</span> <span class='ocrx_word' id='word_1_29' title='bbox 2229 833 2337 876; x_wconf 90' lang='lat' dir='ltr'>eas</span> <span class='ocrx_word' id='word_1_30' title='bbox 2408 819 2699 876; x_wconf 89' lang='lat' dir='ltr'>accurate</span> <span class='ocrx_word' id='word_1_31' title='bbox 2770 812 2987 897; x_wconf 88' lang='lat' dir='ltr'>appel-</span> 
     </span>
     <span class='ocr_line' id='line_1_5' title="bbox 557 928 2983 1017; baseline -0.002 -21"><span class='ocrx_word' id='word_1_32' title='bbox 557 933 691 998; x_wconf 88' lang='lat' dir='ltr'>lare</span> <span class='ocrx_word' id='word_1_33' title='bbox 759 953 886 996; x_wconf 91' lang='lat' dir='ltr'>non</span> <span class='ocrx_word' id='word_1_34' title='bbox 945 931 1185 1017; x_wconf 90' lang='lat' dir='ltr'>potuit:</span> <span class='ocrx_word' id='word_1_35' title='bbox 1252 930 1482 994; x_wconf 89' lang='lat' dir='ltr'>melius</span> <span class='ocrx_word' id='word_1_36' title='bbox 1549 936 1764 993; x_wconf 90' lang='lat' dir='ltr'>tamen</span> <span class='ocrx_word' id='word_1_37' title='bbox 1830 928 2052 992; x_wconf 81' lang='lat' dir='ltr'>fuisset</span> <span class='ocrx_word' id='word_1_38' title='bbox 2110 934 2175 992; x_wconf 87' lang='lat' dir='ltr'>et</span> <span class='ocrx_word' id='word_1_39' title='bbox 2220 928 2575 993; x_wconf 91' lang='lat' dir='ltr'>distinctius</span> <span class='ocrx_word' id='word_1_40' title='bbox 2603 978 2619 1011; x_wconf 92' lang='lat'>,</span> <span class='ocrx_word' id='word_1_41' title='bbox 2689 930 2983 1015; x_wconf 90' lang='lat' dir='ltr'>quoniam</span> 
     </span>
     <span class='ocr_line' id='line_1_6' title="bbox 557 1046 2983 1136; baseline -0.002 -22"><span class='ocrx_word' id='word_1_42' title='bbox 557 1051 686 1115; x_wconf 92' lang='lat' dir='ltr'>tale</span> <span class='ocrx_word' id='word_1_43' title='bbox 747 1049 900 1136; x_wconf 93' lang='lat' dir='ltr'>quid</span> <span class='ocrx_word' id='word_1_44' title='bbox 965 1049 1084 1113; x_wconf 89' lang='lat' dir='ltr'>sibi</span> <span class='ocrx_word' id='word_1_45' title='bbox 1145 1067 1498 1134; x_wconf 81' lang='lat' dir='ltr'>proponere</span> <span class='ocrx_word' id='word_1_46' title='bbox 1545 1046 1797 1128; x_wconf 81' lang='lat' dir='ltr'>debuit,</span> <span class='ocrx_word' id='word_1_47' title='bbox 1866 1066 2055 1132; x_wconf 89' lang='lat' dir='ltr'>quam</span> <span class='ocrx_word' id='word_1_48' title='bbox 2099 1046 2259 1110; x_wconf 91' lang='lat' dir='ltr'>illud</span> <span class='ocrx_word' id='word_1_49' title='bbox 2299 1050 2554 1133; x_wconf 82' lang='grc' dir='ltr'>μορφή,</span> <span class='ocrx_word' id='word_1_50' title='bbox 2613 1047 2983 1132; x_wconf 89' lang='lat' dir='ltr'>praesertim</span> 
     </span>
     <span class='ocr_line' id='line_1_7' title="bbox 559 1163 2987 1250; baseline -0.002 -18"><span class='ocrx_word' id='word_1_51' title='bbox 559 1189 705 1232; x_wconf 91' lang='lat' dir='ltr'>cum</span> <span class='ocrx_word' id='word_1_52' title='bbox 765 1166 931 1230; x_wconf 89' lang='lat' dir='ltr'>dicat</span> <span class='ocrx_word' id='word_1_53' title='bbox 994 1187 1101 1229; x_wconf 90' lang='lat' dir='ltr'>eas</span> <span class='ocrx_word' id='word_1_54' title='bbox 1157 1166 1408 1250; x_wconf 82' lang='grc' dir='ltr'>μορφὰς</span> <span class='ocrx_word' id='word_1_55' title='bbox 1469 1184 1608 1228; x_wconf 90' lang='lat' dir='ltr'>esse</span> <span class='ocrx_word' id='word_1_56' title='bbox 1652 1169 1779 1228; x_wconf 79' lang='grc' dir='ltr'>τῶν</span> <span class='ocrx_word' id='word_1_57' title='bbox 1820 1168 2125 1249; x_wconf 78' lang='grc' dir='ltr'>μορφῶν,</span> <span class='ocrx_word' id='word_1_58' title='bbox 2192 1185 2353 1249; x_wconf 91' lang='lat' dir='ltr'>quae</span> <span class='ocrx_word' id='word_1_59' title='bbox 2399 1163 2855 1249; x_wconf 90' lang='lat' dir='ltr'>quodammodo</span> <span class='ocrx_word' id='word_1_60' title='bbox 2900 1185 2987 1227; x_wconf 78' lang='lat' dir='ltr'>ex</span> 
     </span>
     <span class='ocr_line' id='line_1_8' title="bbox 558 1281 2987 1367; baseline -0.003 -16"><span class='ocrx_word' id='word_1_61' title='bbox 558 1283 844 1358; x_wconf 77' lang='grc' dir='ltr'>εἰδώλοις</span> <span class='ocrx_word' id='word_1_62' title='bbox 911 1282 1084 1346; x_wconf 85' lang='lat' dir='ltr'>fiant.</span> <span class='ocrx_word' id='word_1_63' title='bbox 1175 1281 1467 1367; x_wconf 89' lang='lat' dir='ltr'>Denique</span> <span class='ocrx_word' id='word_1_64' title='bbox 1535 1301 1679 1344; x_wconf 91' lang='lat' dir='ltr'>cum</span> <span class='ocrx_word' id='word_1_65' title='bbox 1739 1281 1821 1345; x_wconf 92' lang='lat' dir='ltr'>ab</span> <span class='ocrx_word' id='word_1_66' title='bbox 1880 1281 2091 1345; x_wconf 85' lang='lat' dir='ltr'>animo</span> <span class='ocrx_word' id='word_1_67' title='bbox 2136 1283 2367 1366; x_wconf 88' lang='lat' dir='ltr'>partim</span> <span class='ocrx_word' id='word_1_68' title='bbox 2412 1281 2876 1346; x_wconf 80' lang='lat' dir='ltr'>conformentur</span> <span class='ocrx_word' id='word_1_69' title='bbox 2920 1286 2987 1344; x_wconf 86' lang='lat' dir='ltr'>ct</span> 
     </span>
     <span class='ocr_line' id='line_1_9' title="bbox 561 1397 2987 1484; baseline -0 -19"><span class='ocrx_word' id='word_1_70' title='bbox 561 1403 808 1466; x_wconf 90' lang='lat' dir='ltr'>animus</span> <span class='ocrx_word' id='word_1_71' title='bbox 873 1400 1070 1484; x_wconf 90' lang='lat' dir='ltr'>igitur</span> <span class='ocrx_word' id='word_1_72' title='bbox 1115 1398 1461 1463; x_wconf 89' lang='lat' dir='ltr'>secundum</span> <span class='ocrx_word' id='word_1_73' title='bbox 1507 1397 1856 1484; x_wconf 83' lang='lat' dir='ltr'>Epicurum</span> <span class='ocrx_word' id='word_1_74' title='bbox 1902 1399 1999 1462; x_wconf 87' lang='lat' dir='ltr'>sui</span> <span class='ocrx_word' id='word_1_75' title='bbox 2044 1398 2196 1484; x_wconf 90' lang='lat' dir='ltr'>quid</span> <span class='ocrx_word' id='word_1_76' title='bbox 2240 1398 2471 1462; x_wconf 81' lang='lat' dir='ltr'>addere</span> <span class='ocrx_word' id='word_1_77' title='bbox 2514 1399 2747 1484; x_wconf 84' lang='lat' dir='ltr'>possit,</span> <span class='ocrx_word' id='word_1_78' title='bbox 2816 1397 2987 1480; x_wconf 68' lang='grc' dir='ltr'>(κατὰ</span> 
     </span>
     <span class='ocr_line' id='line_1_10' title="bbox 557 1516 2985 1602; baseline -0.001 -19"><span class='ocrx_word' id='word_1_79' title='bbox 557 1521 674 1594; x_wconf 85' lang='grc' dir='ltr'>τὴν</span> <span class='ocrx_word' id='word_1_80' title='bbox 761 1521 1001 1593; x_wconf 78' lang='grc' dir='ltr'>κίνησιν</span> <span class='ocrx_word' id='word_1_81' title='bbox 1085 1519 1149 1582; x_wconf 81' lang='grc' dir='ltr'>ἐν</span> <span class='ocrx_word' id='word_1_82' title='bbox 1225 1518 1371 1596; x_wconf 83' lang='grc' dir='ltr'>ἡμῖν</span> <span class='ocrx_word' id='word_1_83' title='bbox 1455 1516 1672 1590; x_wconf 75' lang='grc' dir='ltr'>αὐτοῖς</span> <span class='ocrx_word' id='word_1_84' title='bbox 1700 1565 1716 1592; x_wconf 88' lang='grc'>,</span> <span class='ocrx_word' id='word_1_85' title='bbox 1810 1519 2201 1597; x_wconf 79' lang='grc' dir='ltr'>συνημμένην</span> <span class='ocrx_word' id='word_1_86' title='bbox 2271 1524 2346 1602; x_wconf 67' lang='grc' dir='ltr'>τῇ</span> <span class='ocrx_word' id='word_1_87' title='bbox 2419 1521 2796 1601; x_wconf 74' lang='grc' dir='ltr'>φανταστικῇ</span> <span class='ocrx_word' id='word_1_88' title='bbox 2864 1519 2985 1581; x_wconf 81' lang='grc' dir='ltr'>ἐπι-</span> 
     </span>
     <span class='ocr_line' id='line_1_11' title="bbox 557 1629 2985 1722; baseline -0.002 -22"><span class='ocrx_word' id='word_1_89' title='bbox 557 1633 771 1722; x_wconf 72' lang='grc' dir='ltr'>βολῇ,</span> <span class='ocrx_word' id='word_1_90' title='bbox 841 1631 1148 1718; x_wconf 79' lang='grc' dir='ltr'>ὃιάλειψιν</span> <span class='ocrx_word' id='word_1_91' title='bbox 1216 1629 1279 1697; x_wconf 79' lang='grc' dir='ltr'>δὲ</span> <span class='ocrx_word' id='word_1_92' title='bbox 1345 1631 1644 1717; x_wconf 79' lang='grc' dir='ltr'>ἔχουσαν)</span> <span class='ocrx_word' id='word_1_93' title='bbox 1688 1629 1915 1694; x_wconf 87' lang='lat' dir='ltr'>harum</span> <span class='ocrx_word' id='word_1_94' title='bbox 1960 1632 2310 1715; x_wconf 83' lang='lat' dir='ltr'>imaginum</span> <span class='ocrx_word' id='word_1_95' title='bbox 2354 1633 2518 1696; x_wconf 89' lang='lat' dir='ltr'>aliae</span> <span class='ocrx_word' id='word_1_96' title='bbox 2564 1639 2711 1696; x_wconf 88' lang='lat' dir='ltr'>sunt</span> <span class='ocrx_word' id='word_1_97' title='bbox 2753 1653 2941 1696; x_wconf 83' lang='lat' dir='ltr'>verae</span> <span class='ocrx_word' id='word_1_98' title='bbox 2968 1681 2985 1714; x_wconf 89' lang='lat'>,</span> 
     </span>
     <span class='ocr_line' id='line_1_12' title="bbox 557 1747 2987 1834; baseline 0 -21"><span class='ocrx_word' id='word_1_99' title='bbox 557 1751 722 1814; x_wconf 88' lang='lat' dir='ltr'>aliae</span> <span class='ocrx_word' id='word_1_100' title='bbox 788 1750 1025 1814; x_wconf 85' lang='lat' dir='ltr'>falsae:</span> <span class='ocrx_word' id='word_1_101' title='bbox 1094 1769 1281 1812; x_wconf 83' lang='lat' dir='ltr'>verae</span> <span class='ocrx_word' id='word_1_102' title='bbox 1345 1753 1493 1812; x_wconf 90' lang='lat' dir='ltr'>sunt</span> <span class='ocrx_word' id='word_1_103' title='bbox 1560 1747 1869 1833; x_wconf 84' lang='lat' dir='ltr'>quaedam</span> <span class='ocrx_word' id='word_1_104' title='bbox 1888 1797 1904 1830; x_wconf 92' lang='lat'>,</span> <span class='ocrx_word' id='word_1_105' title='bbox 1958 1749 2255 1834; x_wconf 92' lang='lat' dir='ltr'>quoniam</span> <span class='ocrx_word' id='word_1_106' title='bbox 2322 1755 2395 1813; x_wconf 91' lang='lat' dir='ltr'>ut</span> <span class='ocrx_word' id='word_1_107' title='bbox 2458 1750 2619 1814; x_wconf 88' lang='lat' dir='ltr'>aliae</span> <span class='ocrx_word' id='word_1_108' title='bbox 2678 1750 2987 1834; x_wconf 84' lang='lat' dir='ltr'>imagines</span> 
     </span>
     <span class='ocr_line' id='line_1_13' title="bbox 559 1864 2985 1950; baseline -0 -19"><span class='ocrx_word' id='word_1_109' title='bbox 559 1867 954 1931; x_wconf 81' lang='lat' dir='ltr'>extrinsecus</span> <span class='ocrx_word' id='word_1_110' title='bbox 1035 1866 1117 1929; x_wconf 90' lang='lat' dir='ltr'>ad</span> <span class='ocrx_word' id='word_1_111' title='bbox 1190 1884 1410 1929; x_wconf 89' lang='lat' dir='ltr'>sensus</span> <span class='ocrx_word' id='word_1_112' title='bbox 1475 1864 1766 1928; x_wconf 87' lang='lat' dir='ltr'>feruntur</span> <span class='ocrx_word' id='word_1_113' title='bbox 1830 1885 2059 1950; x_wconf 88' lang='lat' dir='ltr'>eosque</span> <span class='ocrx_word' id='word_1_114' title='bbox 2128 1865 2450 1950; x_wconf 90' lang='lat' dir='ltr'>afficiunt,</span> <span class='ocrx_word' id='word_1_115' title='bbox 2518 1873 2628 1930; x_wconf 90' lang='lat' dir='ltr'>aut</span> <span class='ocrx_word' id='word_1_116' title='bbox 2682 1868 2875 1932; x_wconf 86' lang='lat' dir='ltr'>etiam</span> <span class='ocrx_word' id='word_1_117' title='bbox 2917 1868 2985 1930; x_wconf 93' lang='lat' dir='ltr'>in</span> 
     </span>
     <span class='ocr_line' id='line_1_14' title="bbox 560 1982 2982 2070; baseline 0 -23"><span class='ocrx_word' id='word_1_118' title='bbox 560 1985 700 2070; x_wconf 92' lang='lat' dir='ltr'>ipso</span> <span class='ocrx_word' id='word_1_119' title='bbox 745 1985 955 2048; x_wconf 90' lang='lat' dir='ltr'>animo</span> <span class='ocrx_word' id='word_1_120' title='bbox 1001 1984 1080 2048; x_wconf 88' lang='lat' dir='ltr'>ab</span> <span class='ocrx_word' id='word_1_121' title='bbox 1125 1982 1382 2047; x_wconf 88' lang='lat' dir='ltr'>homine</span> <span class='ocrx_word' id='word_1_122' title='bbox 1426 1982 1776 2046; x_wconf 85' lang='lat' dir='ltr'>formantur</span> <span class='ocrx_word' id='word_1_123' title='bbox 1806 2003 1842 2046; x_wconf 90' lang='lat' dir='ltr'>e</span> <span class='ocrx_word' id='word_1_124' title='bbox 1874 1982 2270 2067; x_wconf 89' lang='lat' dir='ltr'>copulatione</span> <span class='ocrx_word' id='word_1_125' title='bbox 2300 1985 2568 2048; x_wconf 88' lang='lat' dir='ltr'>aliarum</span> <span class='ocrx_word' id='word_1_126' title='bbox 2599 1985 2982 2069; x_wconf 84' lang='lat' dir='ltr'>imaginum:</span> 
     </span>
     <span class='ocr_line' id='line_1_15' title="bbox 564 2101 2985 2187; baseline -0 -21"><span class='ocrx_word' id='word_1_127' title='bbox 564 2102 760 2166; x_wconf 87' lang='lat' dir='ltr'>falsae</span> <span class='ocrx_word' id='word_1_128' title='bbox 821 2108 1034 2166; x_wconf 89' lang='lat' dir='ltr'>autem</span> <span class='ocrx_word' id='word_1_129' title='bbox 1093 2102 1256 2166; x_wconf 88' lang='lat' dir='ltr'>aliae</span> <span class='ocrx_word' id='word_1_130' title='bbox 1282 2150 1298 2183; x_wconf 92' lang='lat'>,</span> <span class='ocrx_word' id='word_1_131' title='bbox 1360 2101 1656 2186; x_wconf 84' lang='lat' dir='ltr'>quoniam</span> <span class='ocrx_word' id='word_1_132' title='bbox 1710 2122 1839 2163; x_wconf 91' lang='lat' dir='ltr'>non</span> <span class='ocrx_word' id='word_1_133' title='bbox 1884 2107 1979 2164; x_wconf 87' lang='lat' dir='ltr'>est</span> <span class='ocrx_word' id='word_1_134' title='bbox 2023 2103 2425 2184; x_wconf 79' lang='grc' dir='ltr'>ὑποκείμενον</span> <span class='ocrx_word' id='word_1_135' title='bbox 2450 2151 2468 2181; x_wconf 89' lang='grc'>.,</span> <span class='ocrx_word' id='word_1_136' title='bbox 2527 2102 2697 2187; x_wconf 89' lang='lat' dir='ltr'>quod</span> <span class='ocrx_word' id='word_1_137' title='bbox 2737 2103 2815 2166; x_wconf 88' lang='lat' dir='ltr'>iis</span> <span class='ocrx_word' id='word_1_138' title='bbox 2858 2123 2985 2166; x_wconf 86' lang='lat' dir='ltr'>res-</span> 
     </span>
     <span class='ocr_line' id='line_1_16' title="bbox 563 2216 2985 2304; baseline 0 -22"><span class='ocrx_word' id='word_1_139' title='bbox 563 2218 859 2304; x_wconf 86' lang='lat' dir='ltr'>pondeat.</span> <span class='ocrx_word' id='word_1_140' title='bbox 948 2219 1318 2283; x_wconf 90' lang='lat' dir='ltr'>Lucretium</span> <span class='ocrx_word' id='word_1_141' title='bbox 1363 2218 1432 2281; x_wconf 91' lang='lat' dir='ltr'>in</span> <span class='ocrx_word' id='word_1_142' title='bbox 1474 2216 1594 2282; x_wconf 89' lang='lat' dir='ltr'>hac</span> <span class='ocrx_word' id='word_1_143' title='bbox 1639 2223 1818 2303; x_wconf 89' lang='lat' dir='ltr'>parte</span> <span class='ocrx_word' id='word_1_144' title='bbox 1864 2238 2087 2303; x_wconf 87' lang='lat' dir='ltr'>parum</span> <span class='ocrx_word' id='word_1_145' title='bbox 2131 2239 2269 2282; x_wconf 89' lang='lat' dir='ltr'>esse</span> <span class='ocrx_word' id='word_1_146' title='bbox 2314 2225 2679 2284; x_wconf 89' lang='lat' dir='ltr'>accuratum</span> <span class='ocrx_word' id='word_1_147' title='bbox 2724 2220 2985 2283; x_wconf 88' lang='lat' dir='ltr'>minime</span> 
     </span>
     <span class='ocr_line' id='line_1_17' title="bbox 560 2335 2987 2421; baseline -0 -21"><span class='ocrx_word' id='word_1_148' title='bbox 560 2337 868 2402; x_wconf 87' lang='lat' dir='ltr'>miramur</span> <span class='ocrx_word' id='word_1_149' title='bbox 926 2358 1070 2401; x_wconf 91' lang='lat' dir='ltr'>cum</span> <span class='ocrx_word' id='word_1_150' title='bbox 1128 2337 1266 2421; x_wconf 90' lang='lat' dir='ltr'>ipse</span> <span class='ocrx_word' id='word_1_151' title='bbox 1324 2336 1628 2419; x_wconf 86' lang='lat' dir='ltr'>magister</span> <span class='ocrx_word' id='word_1_152' title='bbox 1672 2336 1975 2399; x_wconf 90' lang='lat' dir='ltr'>obscurus</span> <span class='ocrx_word' id='word_1_153' title='bbox 2021 2342 2204 2400; x_wconf 90' lang='lat' dir='ltr'>esset.</span> <span class='ocrx_word' id='word_1_154' title='bbox 2294 2337 2489 2400; x_wconf 90' lang='lat' dir='ltr'>Putat</span> <span class='ocrx_word' id='word_1_155' title='bbox 2531 2335 2691 2402; x_wconf 88' lang='lat' dir='ltr'>haec</span> <span class='ocrx_word' id='word_1_156' title='bbox 2734 2338 2987 2400; x_wconf 88' lang='lat' dir='ltr'>simula-</span> 
     </span>
     <span class='ocr_line' id='line_1_18' title="bbox 562 2454 2986 2539; baseline -0 -19"><span class='ocrx_word' id='word_1_157' title='bbox 562 2478 670 2521; x_wconf 89' lang='lat' dir='ltr'>cra</span> <span class='ocrx_word' id='word_1_158' title='bbox 693 2505 709 2538; x_wconf 92' lang='lat'>,</span> <span class='ocrx_word' id='word_1_159' title='bbox 771 2454 943 2519; x_wconf 91' lang='lat' dir='ltr'>aliud</span> <span class='ocrx_word' id='word_1_160' title='bbox 986 2454 1364 2518; x_wconf 85' lang='lat' dir='ltr'>vocabulum</span> <span class='ocrx_word' id='word_1_161' title='bbox 1409 2460 1598 2539; x_wconf 86' lang='lat' dir='ltr'>poeta</span> <span class='ocrx_word' id='word_1_162' title='bbox 1642 2475 1769 2516; x_wconf 92' lang='lat' dir='ltr'>non</span> <span class='ocrx_word' id='word_1_163' title='bbox 1812 2460 2117 2539; x_wconf 88' lang='lat' dir='ltr'>usurpat,</span> <span class='ocrx_word' id='word_1_164' title='bbox 2178 2475 2322 2518; x_wconf 92' lang='lat' dir='ltr'>cum</span> <span class='ocrx_word' id='word_1_165' title='bbox 2367 2454 2447 2518; x_wconf 91' lang='lat' dir='ltr'>ad</span> <span class='ocrx_word' id='word_1_166' title='bbox 2491 2460 2749 2518; x_wconf 89' lang='lat' dir='ltr'>tenuem</span> <span class='ocrx_word' id='word_1_167' title='bbox 2792 2456 2986 2520; x_wconf 88' lang='lat' dir='ltr'>animi</span> 
     </span>
     <span class='ocr_line' id='line_1_19' title="bbox 561 2571 2987 2658; baseline 0 -22"><span class='ocrx_word' id='word_1_168' title='bbox 561 2580 855 2638; x_wconf 88' lang='lat' dir='ltr'>naturam</span> <span class='ocrx_word' id='word_1_169' title='bbox 899 2578 1236 2658; x_wconf 86' lang='lat' dir='ltr'>penetrent</span> <span class='ocrx_word' id='word_1_170' title='bbox 1283 2592 1547 2657; x_wconf 87' lang='lat' dir='ltr'>eamque</span> <span class='ocrx_word' id='word_1_171' title='bbox 1593 2572 1833 2653; x_wconf 85' lang='lat' dir='ltr'>cicant,</span> <span class='ocrx_word' id='word_1_172' title='bbox 1882 2573 2223 2656; x_wconf 90' lang='lat' dir='ltr'>(tamquam</span> <span class='ocrx_word' id='word_1_173' title='bbox 2269 2571 2395 2635; x_wconf 92' lang='lat' dir='ltr'>alia</span> <span class='ocrx_word' id='word_1_174' title='bbox 2439 2572 2775 2636; x_wconf 86' lang='lat' dir='ltr'>simulacra</span> <span class='ocrx_word' id='word_1_175' title='bbox 2816 2572 2987 2636; x_wconf 90' lang='lat' dir='ltr'>idem</span> 
     </span>
     <span class='ocr_line' id='line_1_20' title="bbox 563 2690 2984 2775; baseline -0.001 -20"><span class='ocrx_word' id='word_1_176' title='bbox 563 2712 689 2755; x_wconf 91' lang='lat' dir='ltr'>non</span> <span class='ocrx_word' id='word_1_177' title='bbox 748 2691 1048 2773; x_wconf 86' lang='lat' dir='ltr'>facerent)</span> <span class='ocrx_word' id='word_1_178' title='bbox 1105 2690 1306 2753; x_wconf 90' lang='lat' dir='ltr'>multo</span> <span class='ocrx_word' id='word_1_179' title='bbox 1353 2710 1490 2753; x_wconf 86' lang='lat' dir='ltr'>esse</span> <span class='ocrx_word' id='word_1_180' title='bbox 1536 2690 1861 2771; x_wconf 85' lang='lat' dir='ltr'>tenuiora,</span> <span class='ocrx_word' id='word_1_181' title='bbox 1930 2710 2118 2774; x_wconf 91' lang='lat' dir='ltr'>quam</span> <span class='ocrx_word' id='word_1_182' title='bbox 2165 2711 2325 2775; x_wconf 90' lang='lat' dir='ltr'>quae</span> <span class='ocrx_word' id='word_1_183' title='bbox 2372 2691 2583 2754; x_wconf 92' lang='lat' dir='ltr'>oculos</span> <span class='ocrx_word' id='word_1_184' title='bbox 2627 2690 2984 2774; x_wconf 90' lang='lat' dir='ltr'>lacessunt,</span> 
     </span>
     <span class='ocr_line' id='line_1_21' title="bbox 562 2805 2989 2894; baseline 0 -22"><span class='ocrx_word' id='word_1_185' title='bbox 562 2829 942 2894; x_wconf 88' lang='lat' dir='ltr'>quamquam</span> <span class='ocrx_word' id='word_1_186' title='bbox 1008 2805 1168 2870; x_wconf 90' lang='lat' dir='ltr'>haec</span> <span class='ocrx_word' id='word_1_187' title='bbox 1233 2806 1403 2891; x_wconf 90' lang='lat' dir='ltr'>apud</span> <span class='ocrx_word' id='word_1_188' title='bbox 1470 2805 1818 2891; x_wconf 86' lang='lat' dir='ltr'>Epicurum</span> <span class='ocrx_word' id='word_1_189' title='bbox 1864 2806 1964 2889; x_wconf 93' lang='lat' dir='ltr'>(D.</span> <span class='ocrx_word' id='word_1_190' title='bbox 2010 2806 2086 2870; x_wconf 91' lang='lat' dir='ltr'>L.</span> <span class='ocrx_word' id='word_1_191' title='bbox 2134 2806 2218 2869; x_wconf 89' lang='lat' dir='ltr'>X.</span> <span class='ocrx_word' id='word_1_192' title='bbox 2265 2808 2369 2889; x_wconf 85' lang='lat'>47)</span> <span class='ocrx_word' id='word_1_193' title='bbox 2414 2807 2542 2870; x_wconf 91' lang='lat' dir='ltr'>iam</span> <span class='ocrx_word' id='word_1_194' title='bbox 2587 2816 2722 2883; x_wconf 83' lang='grc' dir='ltr'>ταῖς</span> <span class='ocrx_word' id='word_1_195' title='bbox 2769 2807 2989 2873; x_wconf 81' lang='grc' dir='ltr'>λεπτό-</span> 
     </span>
     <span class='ocr_line' id='line_1_22' title="bbox 556 2921 2985 3009; baseline -0.001 -19"><span class='ocrx_word' id='word_1_196' title='bbox 556 2926 758 3001; x_wconf 73' lang='grc' dir='ltr'>τησιν</span> <span class='ocrx_word' id='word_1_197' title='bbox 783 2921 1298 3009; x_wconf 76' lang='grc' dir='ltr'>ἀνυπερβλήτοις</span> <span class='ocrx_word' id='word_1_198' title='bbox 1344 2927 1684 3009; x_wconf 62' lang='grc' dir='ltr'>κεχρῆσθαι</span> <span class='ocrx_word' id='word_1_199' title='bbox 1738 2921 2051 2986; x_wconf 78' lang='lat' dir='ltr'>dicuntur.</span> <span class='ocrx_word' id='word_1_200' title='bbox 2140 2923 2448 2987; x_wconf 88' lang='lat' dir='ltr'>Animum</span> <span class='ocrx_word' id='word_1_201' title='bbox 2492 2946 2569 2987; x_wconf 82' lang='lat' dir='ltr'>ea</span> <span class='ocrx_word' id='word_1_202' title='bbox 2613 2924 2985 2989; x_wconf 81' lang='lat' dir='ltr'>conformari</span> 
     </span>
     <span class='ocr_line' id='line_1_23' title="bbox 555 3038 2987 3127; baseline 0 -22"><span class='ocrx_word' id='word_1_203' title='bbox 555 3062 740 3127; x_wconf 86' lang='lat' dir='ltr'>posse</span> <span class='ocrx_word' id='word_1_204' title='bbox 807 3041 1143 3106; x_wconf 88' lang='lat' dir='ltr'>Lucretius</span> <span class='ocrx_word' id='word_1_205' title='bbox 1210 3038 1315 3103; x_wconf 90' lang='lat' dir='ltr'>hic</span> <span class='ocrx_word' id='word_1_206' title='bbox 1382 3060 1508 3103; x_wconf 87' lang='lat' dir='ltr'>uon</span> <span class='ocrx_word' id='word_1_207' title='bbox 1567 3040 1913 3104; x_wconf 88' lang='lat' dir='ltr'>confirmat.</span> <span class='ocrx_word' id='word_1_208' title='bbox 2004 3040 2133 3104; x_wconf 81' lang='lat' dir='ltr'>Sed</span> <span class='ocrx_word' id='word_1_209' title='bbox 2190 3041 2259 3104; x_wconf 88' lang='lat' dir='ltr'>H</span> <span class='ocrx_word' id='word_1_210' title='bbox 2319 3062 2410 3104; x_wconf 83' lang='lat' dir='ltr'>vs.</span> <span class='ocrx_word' id='word_1_211' title='bbox 2483 3044 2606 3105; x_wconf 84' lang='lat'>740</span> <span class='ocrx_word' id='word_1_212' title='bbox 2668 3041 2745 3105; x_wconf 91' lang='lat' dir='ltr'>de</span> <span class='ocrx_word' id='word_1_213' title='bbox 2792 3042 2987 3105; x_wconf 89' lang='lat' dir='ltr'>animi</span> 
     </span>
     <span class='ocr_line' id='line_1_24' title="bbox 555 3156 2987 3245; baseline 0 -24"><span class='ocrx_word' id='word_1_214' title='bbox 555 3158 794 3221; x_wconf 88' lang='lat' dir='ltr'>iniectu</span> <span class='ocrx_word' id='word_1_215' title='bbox 838 3158 1087 3223; x_wconf 91' lang='lat' dir='ltr'>locutus</span> <span class='ocrx_word' id='word_1_216' title='bbox 1133 3163 1270 3240; x_wconf 85' lang='lat' dir='ltr'>est,</span> <span class='ocrx_word' id='word_1_217' title='bbox 1319 3156 1397 3221; x_wconf 89' lang='lat' dir='ltr'>de</span> <span class='ocrx_word' id='word_1_218' title='bbox 1444 3178 1520 3221; x_wconf 90' lang='lat' dir='ltr'>ea</span> <span class='ocrx_word' id='word_1_219' title='bbox 1564 3157 1758 3220; x_wconf 90' lang='lat' dir='ltr'>animi</span> <span class='ocrx_word' id='word_1_220' title='bbox 1804 3157 2145 3239; x_wconf 87' lang='lat' dir='ltr'>facultate,</span> <span class='ocrx_word' id='word_1_221' title='bbox 2193 3180 2316 3243; x_wconf 91' lang='lat' dir='ltr'>qua</span> <span class='ocrx_word' id='word_1_222' title='bbox 2352 3180 2453 3222; x_wconf 89' lang='lat' dir='ltr'>res</span> <span class='ocrx_word' id='word_1_223' title='bbox 2486 3159 2605 3222; x_wconf 91' lang='lat' dir='ltr'>sibi</span> <span class='ocrx_word' id='word_1_224' title='bbox 2635 3180 2987 3245; x_wconf 89' lang='lat' dir='ltr'>proponere</span> 
     </span>
     <span class='ocr_line' id='line_1_25' title="bbox 556 3262 2985 3360; baseline 0 -23"><span class='ocrx_word' id='word_1_225' title='bbox 556 3278 624 3337; x_wconf 87' lang='lat' dir='ltr'>ct</span> <span class='ocrx_word' id='word_1_226' title='bbox 687 3274 926 3358; x_wconf 87' lang='lat' dir='ltr'>fingere</span> <span class='ocrx_word' id='word_1_227' title='bbox 993 3279 1236 3359; x_wconf 89' lang='lat' dir='ltr'>potest,</span> <span class='ocrx_word' id='word_1_228' title='bbox 1300 3294 1461 3358; x_wconf 91' lang='lat' dir='ltr'>quae</span> <span class='ocrx_word' id='word_1_229' title='bbox 1521 3273 1810 3340; x_wconf 84' lang='lat' dir='ltr'>sensibus</span> <span class='ocrx_word' id='word_1_230' title='bbox 1876 3262 2003 3337; x_wconf 87' lang='lat' dir='ltr'>non</span> <span class='ocrx_word' id='word_1_231' title='bbox 2047 3274 2521 3360; x_wconf 84' lang='lat' dir='ltr'>percipiuntur,</span> <span class='ocrx_word' id='word_1_232' title='bbox 2582 3279 2657 3339; x_wconf 91' lang='lat' dir='ltr'>ut</span> <span class='ocrx_word' id='word_1_233' title='bbox 2700 3281 2941 3338; x_wconf 88' lang='lat' dir='ltr'>atomos</span> <span class='ocrx_word' id='word_1_234' title='bbox 2968 3323 2985 3358; x_wconf 92' lang='lat'>,</span> 
     </span>
     <span class='ocr_line' id='line_1_26' title="bbox 555 3390 2988 3478; baseline -0 -23"><span class='ocrx_word' id='word_1_235' title='bbox 555 3391 837 3477; x_wconf 83' lang='lat' dir='ltr'>exempli</span> <span class='ocrx_word' id='word_1_236' title='bbox 905 3392 1128 3475; x_wconf 87' lang='lat' dir='ltr'>gratia.</span> <span class='ocrx_word' id='word_1_237' title='bbox 1218 3390 1337 3454; x_wconf 88' lang='lat' dir='ltr'>Ille</span> <span class='ocrx_word' id='word_1_238' title='bbox 1382 3391 1576 3455; x_wconf 88' lang='lat' dir='ltr'>animi</span> <span class='ocrx_word' id='word_1_239' title='bbox 1620 3390 1890 3454; x_wconf 87' lang='lat' dir='ltr'>iniectus</span> <span class='ocrx_word' id='word_1_240' title='bbox 1933 3391 2103 3454; x_wconf 90' lang='lat' dir='ltr'>idem</span> <span class='ocrx_word' id='word_1_241' title='bbox 2146 3412 2284 3455; x_wconf 87' lang='lat' dir='ltr'>esse</span> <span class='ocrx_word' id='word_1_242' title='bbox 2331 3391 2553 3475; x_wconf 88' lang='lat' dir='ltr'>debet,</span> <span class='ocrx_word' id='word_1_243' title='bbox 2622 3392 2792 3478; x_wconf 88' lang='lat' dir='ltr'>quod</span> <span class='ocrx_word' id='word_1_244' title='bbox 2834 3392 2988 3478; x_wconf 91' lang='lat' dir='ltr'>Epi-</span> 
     </span>
     <span class='ocr_line' id='line_1_27' title="bbox 555 3506 2987 3595; baseline 0 -23"><span class='ocrx_word' id='word_1_245' title='bbox 555 3529 743 3572; x_wconf 76' lang='lat' dir='ltr'>curus</span> <span class='ocrx_word' id='word_1_246' title='bbox 805 3510 1224 3594; x_wconf 82' lang='grc' dir='ltr'>φανταστικὴν</span> <span class='ocrx_word' id='word_1_247' title='bbox 1292 3506 1609 3593; x_wconf 78' lang='grc' dir='ltr'>ἐπιβολήν</span> <span class='ocrx_word' id='word_1_248' title='bbox 1654 3513 1858 3571; x_wconf 74' lang='lat' dir='ltr'>vocat.</span> <span class='ocrx_word' id='word_1_249' title='bbox 1946 3508 2025 3572; x_wconf 88' lang='lat' dir='ltr'>In</span> <span class='ocrx_word' id='word_1_250' title='bbox 2070 3528 2147 3572; x_wconf 75' lang='lat' dir='ltr'>ea</span> <span class='ocrx_word' id='word_1_251' title='bbox 2187 3514 2367 3593; x_wconf 78' lang='lat' dir='ltr'>parte</span> <span class='ocrx_word' id='word_1_252' title='bbox 2413 3510 2559 3573; x_wconf 83' lang='lat' dir='ltr'>libri</span> <span class='ocrx_word' id='word_1_253' title='bbox 2603 3509 2702 3573; x_wconf 81' lang='lat' dir='ltr'>IV</span> <span class='ocrx_word' id='word_1_254' title='bbox 2719 3559 2735 3592; x_wconf 89' lang='lat'>,</span> <span class='ocrx_word' id='word_1_255' title='bbox 2797 3529 2987 3595; x_wconf 84' lang='lat' dir='ltr'>quam</span> 
     </span>
     <span class='ocr_line' id='line_1_28' title="bbox 553 3623 2983 3710; baseline 0.001 -21"><span class='ocrx_word' id='word_1_256' title='bbox 553 3646 723 3689; x_wconf 92' lang='lat' dir='ltr'>nunc</span> <span class='ocrx_word' id='word_1_257' title='bbox 789 3625 1168 3710; x_wconf 84' lang='lat' dir='ltr'>exponimus</span> <span class='ocrx_word' id='word_1_258' title='bbox 1193 3674 1210 3707; x_wconf 93' lang='lat'>,</span> <span class='ocrx_word' id='word_1_259' title='bbox 1277 3630 1468 3710; x_wconf 90' lang='lat' dir='ltr'>poeta</span> <span class='ocrx_word' id='word_1_260' title='bbox 1530 3623 1694 3688; x_wconf 90' lang='lat' dir='ltr'>hanc</span> <span class='ocrx_word' id='word_1_261' title='bbox 1761 3646 1899 3688; x_wconf 88' lang='lat' dir='ltr'>rem</span> <span class='ocrx_word' id='word_1_262' title='bbox 1965 3625 2223 3689; x_wconf 89' lang='lat' dir='ltr'>uberius</span> <span class='ocrx_word' id='word_1_263' title='bbox 2283 3625 2643 3691; x_wconf 90' lang='lat' dir='ltr'>describere</span> <span class='ocrx_word' id='word_1_264' title='bbox 2691 3626 2983 3691; x_wconf 88' lang='lat' dir='ltr'>debuisse</span> 
     </span>
     <span class='ocr_line' id='line_1_29' title="bbox 555 3739 3014 3830; baseline 0.001 -25"><span class='ocrx_word' id='word_1_265' title='bbox 555 3741 736 3805; x_wconf 86' lang='lat' dir='ltr'>nobis</span> <span class='ocrx_word' id='word_1_266' title='bbox 800 3741 1054 3806; x_wconf 86' lang='lat' dir='ltr'>videtur</span> <span class='ocrx_word' id='word_1_267' title='bbox 1077 3791 1094 3824; x_wconf 93' lang='lat'>,</span> <span class='ocrx_word' id='word_1_268' title='bbox 1163 3762 1307 3806; x_wconf 91' lang='lat' dir='ltr'>cum</span> <span class='ocrx_word' id='word_1_269' title='bbox 1364 3740 1469 3805; x_wconf 90' lang='lat' dir='ltr'>hic</span> <span class='ocrx_word' id='word_1_270' title='bbox 1515 3761 1732 3804; x_wconf 90' lang='lat' dir='ltr'>earum</span> <span class='ocrx_word' id='word_1_271' title='bbox 1778 3762 1989 3805; x_wconf 89' lang='lat' dir='ltr'>rerum</span> <span class='ocrx_word' id='word_1_272' title='bbox 2035 3742 2503 3807; x_wconf 86' lang='lat' dir='ltr'>tractandarum</span> <span class='ocrx_word' id='word_1_273' title='bbox 2548 3739 3014 3830; x_wconf 72' lang='lat' dir='ltr'>opportunitas</span> 
     </span>
     <span class='ocr_line' id='line_1_30' title="bbox 555 3858 2989 3947; baseline 0.001 -24"><span class='ocrx_word' id='word_1_274' title='bbox 555 3858 904 3924; x_wconf 87' lang='lat' dir='ltr'>offerretur.</span> <span class='ocrx_word' id='word_1_275' title='bbox 1022 3859 1196 3923; x_wconf 89' lang='lat' dir='ltr'>Dicit</span> <span class='ocrx_word' id='word_1_276' title='bbox 1281 3859 1756 3942; x_wconf 81' lang='lat' dir='ltr'>tantummodO,</span> <span class='ocrx_word' id='word_1_277' title='bbox 1868 3859 2179 3943; x_wconf 88' lang='lat' dir='ltr'>imagines</span> <span class='ocrx_word' id='word_1_278' title='bbox 2265 3862 2497 3946; x_wconf 86' lang='lat' dir='ltr'>partim</span> <span class='ocrx_word' id='word_1_279' title='bbox 2571 3868 2796 3947; x_wconf 89' lang='lat' dir='ltr'>sponte</span> <span class='ocrx_word' id='word_1_280' title='bbox 2870 3883 2989 3926; x_wconf 88' lang='lat' dir='ltr'>sua</span> 
     </span>
     <span class='ocr_line' id='line_1_31' title="bbox 556 3974 2985 4064; baseline 0.002 -25"><span class='ocrx_word' id='word_1_281' title='bbox 556 3996 703 4039; x_wconf 91' lang='lat' dir='ltr'>aere</span> <span class='ocrx_word' id='word_1_282' title='bbox 775 3976 842 4039; x_wconf 91' lang='lat' dir='ltr'>in</span> <span class='ocrx_word' id='word_1_283' title='bbox 915 3976 1052 4061; x_wconf 90' lang='lat' dir='ltr'>ipso</span> <span class='ocrx_word' id='word_1_284' title='bbox 1125 3976 1263 4039; x_wconf 89' lang='lat' dir='ltr'>fieri</span> <span class='ocrx_word' id='word_1_285' title='bbox 1300 3974 1384 4058; x_wconf 86' lang='lat'>¹),</span> <span class='ocrx_word' id='word_1_286' title='bbox 1475 3976 1706 4061; x_wconf 88' lang='lat' dir='ltr'>partim</span> <span class='ocrx_word' id='word_1_287' title='bbox 1780 3998 1819 4039; x_wconf 90' lang='lat' dir='ltr'>a</span> <span class='ocrx_word' id='word_1_288' title='bbox 1890 3977 2253 4062; x_wconf 89' lang='lat' dir='ltr'>corporibus</span> <span class='ocrx_word' id='word_1_289' title='bbox 2323 3979 2637 4063; x_wconf 88' lang='lat' dir='ltr'>profluere</span> <span class='ocrx_word' id='word_1_290' title='bbox 2662 3977 2747 4062; x_wconf 85' lang='lat'>2),</span> <span class='ocrx_word' id='word_1_291' title='bbox 2842 4000 2985 4064; x_wconf 90' lang='lat' dir='ltr'>par-</span> 
     </span>
     <span class='ocr_line' id='line_1_32' title="bbox 555 4093 2983 4179; baseline 0 -22"><span class='ocrx_word' id='word_1_292' title='bbox 555 4093 673 4157; x_wconf 93' lang='lat' dir='ltr'>tim</span> <span class='ocrx_word' id='word_1_293' title='bbox 720 4114 803 4157; x_wconf 83' lang='lat' dir='ltr'>ex</span> <span class='ocrx_word' id='word_1_294' title='bbox 846 4099 1115 4179; x_wconf 90' lang='lat' dir='ltr'>utroque</span> <span class='ocrx_word' id='word_1_295' title='bbox 1162 4113 1398 4177; x_wconf 88' lang='lat' dir='ltr'>genere</span> <span class='ocrx_word' id='word_1_296' title='bbox 1443 4113 1581 4157; x_wconf 90' lang='lat' dir='ltr'>esse</span> <span class='ocrx_word' id='word_1_297' title='bbox 1626 4094 2001 4158; x_wconf 84' lang='lat' dir='ltr'>commixtas</span> <span class='ocrx_word' id='word_1_298' title='bbox 2024 4095 2096 4176; x_wconf 79' lang='lat'>³).</span> <span class='ocrx_word' id='word_1_299' title='bbox 2184 4093 2384 4157; x_wconf 90' lang='lat' dir='ltr'>Primi</span> <span class='ocrx_word' id='word_1_300' title='bbox 2428 4094 2681 4179; x_wconf 88' lang='lat' dir='ltr'>generis</span> <span class='ocrx_word' id='word_1_301' title='bbox 2705 4144 2721 4177; x_wconf 92' lang='lat'>,</span> <span class='ocrx_word' id='word_1_302' title='bbox 2767 4114 2983 4158; x_wconf 79' lang='lat' dir='ltr'>exem-</span> 
     </span>
    </p>
   </div>
   <div class='ocr_carea' id='block_1_3' title="bbox 565 4336 902 4347">
    <p class='ocr_par' dir='ltr' id='par_1_3' title="bbox 565 4336 902 4347">
     <span class='ocr_line' id='line_1_33' title="bbox 565 4336 902 4347; baseline -0.003 0"><span class='ocrx_word' id='word_1_303' title='bbox 565 4336 902 4347; x_wconf 74' lang='lat' dir='ltr'>——n-———-</span> 
     </span>
    </p>
   </div>
   <div class='ocr_carea' id='block_1_4' title="bbox 615 4500 2980 4761">
    <p class='ocr_par' dir='ltr' id='par_1_4' title="bbox 615 4500 2980 4761">
     <span class='ocr_line' id='line_1_34' title="bbox 619 4500 2541 4571; baseline 0.002 -17"><span class='ocrx_word' id='word_1_304' title='bbox 619 4503 659 4567; x_wconf 90' lang='lat'>¹)</span> <span class='ocrx_word' id='word_1_305' title='bbox 723 4502 810 4554; x_wconf 82' lang='lat' dir='ltr'>Vs.</span> <span class='ocrx_word' id='word_1_306' title='bbox 847 4503 953 4556; x_wconf 85' lang='grc'><strong>736.</strong></span> <span class='ocrx_word' id='word_1_307' title='bbox 1021 4502 1086 4552; x_wconf 88' lang='lat' dir='ltr'>D.</span> <span class='ocrx_word' id='word_1_308' title='bbox 1122 4502 1181 4553; x_wconf 91' lang='lat' dir='ltr'>L.</span> <span class='ocrx_word' id='word_1_309' title='bbox 1215 4500 1412 4555; x_wconf 86' lang='lat' dir='ltr'><strong>X.·48:</strong></span> <span class='ocrx_word' id='word_1_310' title='bbox 1449 4505 1531 4554; x_wconf 76' lang='grc' dir='ltr'>καὶ</span> <span class='ocrx_word' id='word_1_311' title='bbox 1565 4504 1828 4562; x_wconf 82' lang='grc' dir='ltr'>συστάσεις</span> <span class='ocrx_word' id='word_1_312' title='bbox 1862 4504 1917 4555; x_wconf 79' lang='grc' dir='ltr'>ἐν</span> <span class='ocrx_word' id='word_1_313' title='bbox 1950 4507 2024 4569; x_wconf 74' lang='grc' dir='ltr'>τῷ</span> <span class='ocrx_word' id='word_1_314' title='bbox 2058 4507 2340 4571; x_wconf 78' lang='grc' dir='ltr'>περιέχοντι</span> <span class='ocrx_word' id='word_1_315' title='bbox 2372 4507 2541 4564; x_wconf 75' lang='grc' dir='ltr'>ὀξεῖαι.</span> 
     </span>
     <span class='ocr_line' id='line_1_35' title="bbox 615 4596 2980 4666; baseline 0.001 -18"><span class='ocrx_word' id='word_1_316' title='bbox 615 4598 658 4663; x_wconf 84' lang='lat'>²)</span> <span class='ocrx_word' id='word_1_317' title='bbox 725 4596 813 4648; x_wconf 80' lang='lat' dir='ltr'>Vs.</span> <span class='ocrx_word' id='word_1_318' title='bbox 851 4598 959 4650; x_wconf 88' lang='grc'><strong>737.</strong></span> <span class='ocrx_word' id='word_1_319' title='bbox 1024 4598 1090 4647; x_wconf 91' lang='lat' dir='ltr'>D.</span> <span class='ocrx_word' id='word_1_320' title='bbox 1113 4598 1173 4647; x_wconf 90' lang='lat' dir='ltr'>L.</span> <span class='ocrx_word' id='word_1_321' title='bbox 1206 4597 1241 4647; x_wconf 85' lang='lat' dir='ltr'>l.</span> <span class='ocrx_word' id='word_1_322' title='bbox 1264 4598 1311 4647; x_wconf 92' lang='lat' dir='ltr'>l:</span> <span class='ocrx_word' id='word_1_323' title='bbox 1348 4597 1513 4664; x_wconf 78' lang='grc' dir='ltr'>ῥεῦσις</span> <span class='ocrx_word' id='word_1_324' title='bbox 1547 4600 1650 4651; x_wconf 77' lang='grc' dir='ltr'>ἀπὸ</span> <span class='ocrx_word' id='word_1_325' title='bbox 1672 4605 1777 4651; x_wconf 82' lang='grc' dir='ltr'>τῶν</span> <span class='ocrx_word' id='word_1_326' title='bbox 1799 4602 2045 4665; x_wconf 83' lang='grc' dir='ltr'>σωμάτων</span> <span class='ocrx_word' id='word_1_327' title='bbox 2068 4602 2156 4651; x_wconf 80' lang='grc' dir='ltr'>τοῦ</span> <span class='ocrx_word' id='word_1_328' title='bbox 2180 4600 2431 4661; x_wconf 68' lang='grc' dir='ltr'>ἐπιπολῆς</span> <span class='ocrx_word' id='word_1_329' title='bbox 2456 4602 2673 4665; x_wconf 78' lang='grc' dir='ltr'>συνεχὴς</span> <span class='ocrx_word' id='word_1_330' title='bbox 2695 4598 2980 4666; x_wconf 78' lang='grc' dir='ltr'>συμβαίνει.</span> 
     </span>
     <span class='ocr_line' id='line_1_36' title="bbox 617 4691 2326 4761; baseline 0.002 -18"><span class='ocrx_word' id='word_1_331' title='bbox 617 4692 655 4751; x_wconf 77' lang='lat'>³)</span> <span class='ocrx_word' id='word_1_332' title='bbox 721 4691 808 4743; x_wconf 75' lang='lat' dir='ltr'>Vs.</span> <span class='ocrx_word' id='word_1_333' title='bbox 844 4693 953 4746; x_wconf 90' lang='grc'><strong>738.</strong></span> <span class='ocrx_word' id='word_1_334' title='bbox 1021 4692 1086 4741; x_wconf 89' lang='lat' dir='ltr'>D.</span> <span class='ocrx_word' id='word_1_335' title='bbox 1118 4692 1178 4741; x_wconf 90' lang='lat' dir='ltr'>L.</span> <span class='ocrx_word' id='word_1_336' title='bbox 1213 4692 1245 4741; x_wconf 87' lang='grc'>1.</span> <span class='ocrx_word' id='word_1_337' title='bbox 1279 4692 1314 4741; x_wconf 93' lang='lat' dir='ltr'>l.</span> <span class='ocrx_word' id='word_1_338' title='bbox 1365 4692 1406 4743; x_wconf 85' lang='grc' dir='ltr'>εἰ</span> <span class='ocrx_word' id='word_1_339' title='bbox 1437 4694 1523 4743; x_wconf 73' lang='grc' dir='ltr'>καὶ</span> <span class='ocrx_word' id='word_1_340' title='bbox 1557 4691 1716 4745; x_wconf 68' lang='grc' dir='ltr'>ἐνίοτε</span> <span class='ocrx_word' id='word_1_341' title='bbox 1749 4694 2057 4760; x_wconf 70' lang='grc' dir='ltr'>συγχεομένη</span> <span class='ocrx_word' id='word_1_342' title='bbox 2094 4694 2326 4761; x_wconf 82' lang='grc' dir='ltr'>ὑπάρχει.</span> 
     </span>
    </p>
   </div>
  </div>
 </body>
</html>
