3529 5359
1053 947 1594 1042 CAPUT
1699 947 2480 1057 QUINTUM.

1629 1241 1898 1251 ———

1253 1458 1406 1520 DE
1529 1457 2289 1521 METEORlS.

1511 1646 1721 1726 (Lucr.
1767 1644 1878 1708 lib.
1923 1644 2036 1727 V.)

634 1852 783 1938 Ipse
828 1857 1020 1938 poeta
1063 1850 1253 1916 huius
1297 1852 1442 1916 libri
1487 1859 1940 1937 argumentum
1988 1853 2271 1917 indicat:
2325 1873 2530 1935 „nunc
2575 1851 2700 1915 huc
2730 1849 2994 1915 rationis

551 1969 780 2034 detulit
840 1969 991 2034 ordo
1016 2019 1032 2052 ,
1101 1975 1173 2034 ut
1239 1969 1397 2034 mihi
1462 1971 1715 2035 mortali
1784 1971 2131 2036 consistere
2178 1991 2437 2056 corpore
2481 1968 2789 2033 mundum
2830 1967 2994 2031 nati-

548 2106 822 2172 vomque
889 2085 1078 2150 simul
1120 2086 1282 2151 ratio
1326 2086 1656 2152 reddunda
1700 2087 1784 2150 sit
1829 2109 1965 2153 esse
2014 2089 2131 2170 (vs,
2182 2087 2594 2169 235—415);
2656 2092 2721 2150 et
2766 2085 2995 2172 quibus

546 2204 657 2268 ille
727 2202 929 2268 modis
991 2223 1366 2288 congressus
1434 2205 1724 2268 materiai
1786 2205 2066 2270 fundarit
2113 2211 2347 2268 terram
2373 2253 2389 2286 ,
2459 2204 2707 2268 caelum
2732 2253 2748 2286 ,
2816 2223 2994 2265 mare

548 2319 792 2402 sidera,
861 2319 1060 2384 solem
1084 2369 1100 2402 ,
1167 2320 1470 2406 lunaique
1537 2319 1800 2405 globum
1868 2323 2307 2404 (415—772);
2374 2326 2514 2383 tum
2558 2339 2721 2405 quae
2766 2317 2995 2382 tellure

548 2437 906 2501 animantes
974 2437 1349 2519 extiterint,
1419 2443 1483 2502 et
1542 2458 1704 2524 quae
1772 2438 1947 2502 nullo
2018 2439 2144 2503 sint
2188 2444 2476 2523 tempore
2522 2443 2709 2500 natae
2756 2437 2992 2514 (772—

555 2557 792 2640 1001);
864 2575 1069 2640 quove
1137 2554 1323 2618 modo
1391 2575 1594 2640 genus
1660 2554 2013 2620 humanum
2058 2556 2347 2620 variante
2391 2555 2670 2640 loquella
2714 2552 2996 2638 coeperit

549 2671 720 2736 inter
787 2693 854 2736 se
923 2671 1095 2765 vesci
1160 2694 1276 2758 per
1342 2673 1600 2737 nomina
1644 2694 1858 2737 rerum
1907 2674 2433 2756 (1001—1090);
2504 2677 2568 2736 et
2614 2671 2842 2758 quibus
2884 2670 2993 2734 ille

549 2788 756 2853 modis
839 2788 1052 2852 divom
1119 2795 1327 2853 metus
1392 2790 1730 2853 insinuarit
1795 2796 2057 2875 pectora
2080 2840 2097 2873 ‚
2166 2797 2480 2854 terrarum
2547 2790 2656 2876 qui
2723 2789 2791 2851 in
2857 2787 2996 2851 orbi

553 2911 773 2971 sancta
837 2912 1056 2971 tuetur
1112 2907 1260 2972 fana
1315 2907 1492 2971 lacus
1534 2908 1712 2971 lucos
1758 2929 1900 2972 aras
1945 2908 2405 2993 simulacraque
2454 2907 2665 2972 divom
2712 2908 2994 2990 (1161-

557 3024 771 3101 1241).
860 3023 1207 3087 Praeterea
1261 3022 1412 3087 solis
1458 3045 1678 3088 cursus
1721 3024 2042 3109 lunaeque
2086 3028 2335 3088 meatus
2379 3022 2719 3109 expediam
2764 3044 2889 3108 qua
2932 3022 2998 3085 vi

550 3142 767 3205 flectat
835 3145 1066 3204 natura
1131 3140 1579 3225 gubernans”:
1647 3139 1815 3205 118118
1880 3145 2133 3226 partem
2202 3145 2418 3203 tamen
2464 3160 2656 3225 supra
2700 3138 2998 3202 tractavit

530 3262 743 3344 'poeta
806 3278 900 3322 vs,
966 3259 1092 3322 509
1140 3279 1272 3344 sqq.
1363 3258 1450 3322 Et
1492 3279 1575 3323 ne
1622 3260 1834 3323 omnia
1878 3256 2138 3344 quidem
2184 3263 2518 3322 enumerat
2562 3278 2723 3344 quae
2770 3261 2999 3321 tracta-

550 3380 734 3439 turus
793 3380 922 3440 est:
992 3382 1136 3461 post
1200 3397 1292 3441 vs.
1359 3378 1517 3441 1241
1586 3377 1755 3441 enim
1803 3381 2052 3460 narrat,
2118 3375 2431 3463 quomodo
2476 3375 2766 3440 homines
2809 3372 3001 3437 rudes

553 3490 796 3555 exculti
842 3490 1008 3573 sint,
1065 3496 1131 3555 et
1177 3492 1421 3575 omnia,
1468 3514 1630 3578 quae
1677 3492 1759 3557 ad
1803 3494 1975 3556 vitae
2020 3514 2207 3557 usum
2252 3498 2318 3557 et
2362 3512 2570 3555 mores
2619 3489 3001 3554 excolendos

551 3609 737 3673 utilia
781 3615 1032 3692 essent,
1077 3610 1480 3673 invenerint:
1527 3610 1682 3675 item
1727 3610 1877 3675 inde
1924 3632 1963 3675 a
1991 3632 2082 3674 vs.
2122 3612 2287 3675 1090
2319 3630 2519 3695 usque
2551 3608 2632 3673 ad
2670 3609 2827 3670 1161
2865 3606 3001 3689 agit

555 3726 632 3791 de
698 3727 931 3811 rebus,
987 3748 1149 3813 quae
1195 3727 1277 3791 ad
1320 3728 1519 3791 vitam
1565 3728 2001 3793 exornandam
2046 3729 2371 3815 pertinent
2416 3747 2623 3813 neque
2669 3724 2795 3789 11118
2840 3723 2998 3788 refe-

551 3843 789 3909 rendae
857 3849 1024 3908 sunt.
1115 3844 1390 3937 Omnino
1461 3853 1728 3932 apparet
1796 3868 1831 3911 e
1901 3852 2033 3911 toto
2102 3846 2264 3910 libro
2310 3851 2565 3931 poetam
2612 3864 2770 3930 opus
2816 3864 3001 3906 suum

455 3950 460 3956 ³
553 3983 684 4027 non
751 3961 1140 4045 elaborasse,
1211 3963 1378 4049 quod
1432 3983 1516 4028 ex
1567 3964 1710 4028 aliis
1755 3984 2005 4050 quoque
2051 3969 2271 4050 patere
2315 3963 2443 4028 iam
2485 3961 2780 4026 vidimus.
2872 3958 3003 4023 Gur

554 4080 871 4166 Epicurus
939 4079 1017 4143 de
1082 4080 1381 4145 meteoris
1452 4081 1777 4167 scripserit
1805 4131 1822 4164 ,
1889 4082 2026 4167 ipse
2096 4081 2262 4145 dixit
2329 4081 2410 4144 D.
2458 4080 2533 4144 L.
2580 4079 2664 4143 X.
2719 4080 2881 4142 142:
2952 4082 3001 4143 εἰ

553 4195 745 4281 μηδὲν
811 4201 975 4282 ἡμᾶς
1043 4202 1105 4264 αἱ
1172 4204 1308 4285 περὶ
1378 4203 1506 4265 τῶν
1575 4201 1904 4284 μετεώρων
1966 4202 2229 4285 ὑποψίαι
2290 4198 2677 4285 ἠνώχλουν,
2750 4198 2865 4263 οὐκ
2922 4195 3002 4261 ἂν

556 4314 1016 4400 προςεὸεόμεθα
1066 4317 1509 4403 φυσιολογίας.
1601 4308 1943 4382 Lucretius
1990 4318 2257 4385 eandem
2305 4317 2383 4381 ob
2430 4338 2684 4381 causam
2730 4337 2797 4379 se
2842 4313 3002 4379 11888

556 4435 880 4520 scripsisse
925 4435 1200 4499 fatetur:
1259 4456 1375 4517 „ne
1421 4434 1582 4499 forte
1628 4434 1790 4499 haec
1836 4436 2005 4499 inter
2051 4436 2298 4499 caelum
2344 4440 2703 4519 terramque
2750 4454 3005 4496 reamur

555 4551 758 4616 libera
825 4559 1049 4638 sponte
1118 4575 1232 4617 sua
1297 4574 1517 4617 cursus
1577 4555 1849 4617 lustrare
1895 4553 2232 4638 perennis,
2300 4552 2617 4635 morigera
2662 4549 2743 4614 ad
2787 4551 3004 4633 fruges

559 4670 882 4755 augendas
945 4678 1137 4759 atque
1199 4672 1580 4756 animantis,
1651 4692 1817 4735 neve
1864 4672 2078 4759 aliqua
2124 4671 2334 4736 divom
2385 4671 2551 4735 volvi
2596 4670 2840 4733 ratione
2888 4690 3004 4753 pu-
