3529 5359
1754 394 1871 454 156

588 594 880 674 texeret,
948 597 1204 657 coactus
1271 597 1368 656 est
1427 593 1731 674 „nimium
1775 593 1982 677 longis
2026 591 2439 676 ambagibus”
2486 592 2565 657 ad
2609 593 2779 678 ipsas
2823 592 3025 678 expli-

587 709 870 772 cationes
915 709 1089 774 adire
1118 759 1136 788 ,
1197 711 1571 796 praesertim
1618 732 1764 774 cum
1807 715 2126 773 metueret
2168 715 2241 774 ut
2285 709 2605 774 auditores
2650 731 2797 774 eum
2840 709 3027 773 intel-

584 826 894 909 legerent.
983 826 1287 912 Epicurei
1353 849 1499 892 cum
1564 827 1727 890 nihil
1796 847 1934 890 esse
2001 833 2256 911 praeter
2326 832 2569 891 atomos
2635 833 2699 891 et
2753 848 3026 891 vacuum

589 949 947 1008 statuerent
1016 952 1080 1009 et
1126 965 1346 1008 omnes
1391 946 1459 1008 in
1502 945 1622 1010 hac
1666 951 1897 1009 natura
1940 951 2205 1029 agentes
2252 944 2403 1008 deos
2449 951 2514 1009 et
2561 946 2839 1009 occultas
2884 945 3027 1009 dae-

590 1083 851 1126 monum
893 1063 1063 1127 vires
1110 1084 1246 1127 esse
1291 1069 1636 1147 negarent,
1686 1069 1752 1126 et
1781 1067 1997 1126 tamen
2029 1063 2349 1148 explicare
2382 1062 2686 1127 deberent
2714 1061 3027 1149 quomodo

589 1201 692 1244 res
736 1181 1072 1244 intervallo
1105 1180 1410 1244 distantes
1439 1187 1660 1244 mutuo
1691 1201 1759 1244 se
1788 1179 2112 1244 afficerent
2142 1186 2207 1244 et
2238 1185 2563 1268 tamquam
2594 1181 2761 1244 inter
2792 1202 2859 1244 se
2890 1185 3027 1244 tan-

589 1301 815 1380 gerent
840 1346 856 1379 ,
925 1297 1104 1382 quasi
1172 1298 1373 1362 coacti
1439 1303 1620 1362 erant
1685 1303 1760 1360 ut
1822 1298 2057 1362 fluctus
2124 1298 2428 1362 materiae
2494 1297 2629 1362 sive
2674 1301 3029 1362 atomorum

585 1418 897 1498 perpetuo
965 1434 1002 1477 6
1046 1414 1236 1477 rebus
1282 1434 1577 1477 emanare
1626 1413 1946 1478 docerent.
2038 1415 2266 1497 Calor,
2336 1436 2525 1500 quem
2571 1431 2767 1500 prope
2812 1414 3028 1498 ignem

588 1536 761 1594 stans
806 1531 1031 1614 senti0,
1077 1530 1240 1594 nihil
1284 1537 1382 1594 est
1426 1552 1616 1616 quam
1659 1531 1890 1594 fluctus
1934 1531 2014 1595 ab
2061 1531 2211 1614 igne
2256 1537 2655 1613 atomorum,
2722 1532 2879 1595 item
2922 1530 3029 1593 fri-

589 1667 742 1731 gUS,
789 1647 982 1730 odor,
1031 1648 1202 1712 color
1226 1697 1243 1730 ,
1298 1669 1502 1733 sapor.
1594 1647 1868 1712 Omnino
1914 1669 2133 1711 omnes
2178 1669 2293 1712 eae
2342 1648 2720 1712 effluxiones
2766 1647 3030 1713 eaedem

589 1784 729 1827 6εε6
775 1764 1074 1828 videntur
1119 1765 1230 1828 sed
1275 1785 1494 1828 earum
1538 1764 1803 1829 effectus
1848 1764 2150 1828 differunt
2194 1765 2544 1828 secundum
2591 1787 2848 1848 sensus,
2893 1765 3029 1850 qui-

587 1881 707 1944 bus
772 1882 1212 1967 percipiuntur
1272 1884 1389 1965 (vs.
1453 1883 1626 1965 984).
1717 1883 2065 1946 Praeterea
2110 1881 2409 1945 differunt
2455 1882 2804 1946 secundum
2848 1888 3031 1946 natu-

586 2019 735 2062 ram·
768 2019 982 2062 rerum
1028 2021 1066 2062 a
1109 1999 1339 2085 quibus
1385 2000 1673 2063 defluunt
1717 2004 1909 2086 atque
1956 2019 2031 2062 6ο
2057 2048 2073 2081 ,
2130 1998 2299 2084 quod
2343 2000 2686 2064 nonnullae
2731 2021 2770 2062 a
2814 2020 3033 2084 super-

589 2114 773 2196 ficie,
821 2115 985 2179 aliae
1033 2137 1117 2179 ex
1158 2116 1461 2180 interiore
1506 2136 1721 2178 rerum
1766 2119 1947 2201 parte
1992 2115 2335 2200 profluunt.
2424 2115 2623 2180 Hisce
2669 2116 3033 2202 praemissis

589 2231 702 2312 (νε.
739 2234 1102 2317 921-935)
1135 2255 1319 2318 porro
1349 2239 1566 2297 monet
1597 2239 1789 2318 poeta
1816 2234 2065 2297 nullum
2097 2255 2235 2298 esse
2268 2255 2495 2320 corpus
2528 2234 2685 2298 adeo
2717 2234 2987 2298 solidum
3012 2284 3030 2318 ,

588 2349 758 2434 quod
802 2349 976 2414 hisce
1020 2351 1316 2414 fluctibus
1361 2350 1822 2436 quodammodo
1866 2351 2189 2434 penetrari
2234 2373 2365 2415 non
2410 2353 2607 2436 possit
2654 2359 2768 2437 (νε.
2818 2354 3030 2416 936-

589 2469 760 2544 958).
850 2467 1101 2531 Deinde
1169 2467 1328 2531 haec
1398 2469 1625 2531 emissa
1691 2469 2066 2553 corpuscula
2132 2491 2259 2533 non
2328 2490 2547 2534 omnes
2616 2470 2905 2533 homines
2964 2474 3032 2534 et

586 2585 822 2648 bestias
869 2585 1093 2649 eodem
1138 2586 1324 2650 modo
1371 2585 1620 2650 afficere
1668 2588 1785 2669 (νε.
1837 2589 2217 2670 959—978).
2298 2587 2592 2673 Denique
2638 2609 2766 2651 non
2812 2608 3033 2650 omnes

587 2724 687 2767 res
753 2704 976 2767 eadem
1043 2704 1292 2768 ratione
1348 2704 1644 2769 inanibus
1706 2705 1991 2789 spatiolis
2037 2726 2173 2769 esse
2220 2706 2571 2791 permixtas
2614 2706 2707 2769 ita
2750 2711 2822 2769 ut
2866 2706 3031 2769 aliae

587 2820 730 2885 aliis
795 2821 1094 2886 fluctibus
1159 2828 1574 2906 penetrentur
1620 2824 1739 2905 (νε.
1790 2824 2175 2913 979—997).
2267 2823 2432 2886 Tum
2479 2822 2731 2887 demum
2776 2844 2877 2887 res
2922 2845 3033 2887 ex-

586 2938 878 3023 plicatur.
971 2938 1075 3003 Ex
1119 2945 1418 3023 magnete
1464 2946 1530 3003 et
1573 2960 1610 3003 6
1655 2940 1863 3022 ferm,
1910 2962 2107 3025 parvo
2136 2941 2472 3005 intervallo
2502 2941 2581 3004 ab
2612 2962 2687 3004 eo
2721 2940 2993 3005 distante
3013 2990 3029 3023 ,

587 3063 800 3121 aestus
869 3057 1002 3121 sive
1047 3058 1276 3121 fluctus
1320 3064 1675 3121 atomorum
1722 3064 2020 3140 emanat,
2068 3058 2181 3121 sed
2226 3079 2261 3121 e
2306 3064 2607 3143 magnete
2654 3058 2920 3121 crassior
2964 3064 3032 3121 et

587 3174 856 3238 validior
923 3196 1113 3261 quam
1182 3196 1216 3238 6
1283 3174 1490 3239 ferro:
1560 3174 1663 3238 hic
1733 3181 1947 3238 aestus
1996 3196 2078 3239 ex
2123 3182 2423 3259 magnete
2468 3196 2772 3239 emanans
2816 3196 3030 3239 aerem

589 3292 847 3356 discutit
893 3298 958 3356 et
1001 3292 1343 3377 propellit,
1388 3292 1482 3356 ita
1526 3297 1598 3355 ut
1642 3292 1833 3355 inane
1893 3314 2170 3356 vacuum
2202 3294 2457 3357 existat.
2550 3292 2877 3367 Quomodo
2908 3291 3030 3356 1166

587 3409 725 3473 fieri
770 3410 1002 3495 possit,
1047 3431 1175 3472 non
1219 3410 1625 3494 perspicuum
1671 3415 1802 3490 est,
1849 3430 1997 3472 nam
2044 3410 2097 3473 si
2142 3410 2385 3473 semina
2430 3430 2465 3473 6
2510 3416 2807 3493 magnete
2854 3409 3030 3473 efflu-

587 3527 760 3590 entia
859 3547 1072 3589 aerem
1136 3528 1504 3612 propellunt
1569 3548 1844 3591 vacuum
1912 3526 2191 3590 existere
2259 3548 2385 3590 non
2452 3532 2663 3612 potest
2729 3526 3030 3612 quoniam

585 3644 746 3707 11666
815 3646 1059 3707 semina
1123 3645 1262 3708 loca
1321 3645 1723 3730 occupabunt
1792 3644 1872 3709 ab
1938 3645 2049 3707 illo
2116 3645 2357 3708 relicta.
2448 3644 2575 3709 Sed
2641 3651 2831 3731 poeta
2876 3644 3030 3707 dicit

584 3768 857 3825 vacuum
923 3761 1060 3825 fieri
1126 3762 1293 3825 inter
1360 3768 1724 3846 magnetem
1772 3768 1837 3825 et
1882 3762 2138 3824 ferrum.
2231 3762 2397 3825 Tum
2441 3762 2789 3847 primordia
2831 3761 3028 3844 ferri,

586 3900 750 3965 quae
816 3898 900 3942 ex
967 3900 1042 3943 eo
1107 3884 1438 3961 emanant,
1501 3880 1716 3943 statim
1780 3878 2015 3942 cadunt
2080 3880 2146 3942 in
2193 3900 2464 3943 vacuum
2510 3879 2668 3942 illud
2714 3885 2779 3943 et
2822 3884 3029 3942 totum

586 3998 823 4061 ferrum
891 4018 1107 4060 secum
1175 3996 1451 4079 ducunt,
1519 3996 1687 4081 quod
1756 4002 2090 4081 praeterea
2159 3996 2239 4061 ab
2308 4017 2454 4060 aere
2522 4003 2667 4081 post
2711 3996 2775 4060 id
2821 3997 3028 4060 locato

585 4114 963 4199 propellitur
1033 4116 1149 4197 (νε.
1221 4114 1654 4195 998—1041).
1745 4112 2077 4176 Interdum
2123 4112 2360 4176 ferrum
2408 4135 2445 4176 a
2488 4112 2699 4197 lapide
2744 4112 3026 4195 recedit,

586 4252 730 4295 cum
816 4251 922 4294 aes
994 4231 1437 4316 interpositum
1515 4236 1653 4312 est,
1734 4251 1885 4293 nam
1966 4231 2208 4294 semina
2289 4251 2374 4294 ex
2434 4250 2581 4295 aere
2648 4230 3030 4315 profluentia

584 4349 762 4434 prius
830 4350 897 4413 in
962 4349 1111 4413 ferri
1180 4349 1488 4413 foramina
1555 4354 1897 4434 penetrant
1961 4370 2151 4434 quam
2218 4348 2535 4432 magnetis
2604 4354 2849 4430 aestus,
2917 4348 3028 4433 qui

584 4466 845 4550 deinde,
892 4467 1049 4531 haec
1096 4468 1338 4531 semina
1381 4468 1741 4552 propellens
1769 4517 1784 4548 ,
1818 4467 2004 4530 simul
2034 4466 2270 4529 ferrum
2300 4466 2367 4529 in
2397 4487 2519 4551 quo
2553 4471 2698 4529 sunt
2730 4465 3028 4550 propellit

583 4586 702 4668 (vs.
757 4585 1222 4668 1042—1055).
1313 4582 1702 4666 Quaerenti,
1759 4604 1873 4647 cur
1916 4604 2045 4646 non
2091 4603 2309 4646 omnes
2354 4603 2457 4646 res
2486 4605 2525 4647 a
2552 4588 2852 4666 magnete
2882 4602 3026 4667 pro-

581 4701 930 4787 pellantur,
977 4724 1123 4766 cum
1167 4708 1382 4767 tamen
1426 4707 1736 4788 perpetuo
1784 4722 1868 4765 ex
1913 4722 1988 4765 eo
2034 4706 2247 4765 aestus
2296 4700 2408 4764 ille
2440 4701 2638 4783 fluat,
2684 4698 3028 4785 respondet
