3529 5359
1585 404 1668 466 49

401 603 790 688 temporibus
855 604 1216 689 praesentia
1283 605 1527 670 confert
1585 605 1979 691 praeteritis,
2026 604 2243 669 laudat
2308 605 2593 671 fortunas
2656 628 2847 694 saepe

397 719 698 804 parentis.
803 720 1030 784 Tristis
1095 722 1252 785 item
1318 722 1574 786 vetulae
1650 723 1801 786 vitis
1870 727 2040 785 sator
2100 727 2290 808 atque
2338 723 2549 787 vietae
2606 729 2847 810 tempo-

397 836 483 898 ris
528 836 776 901 incusat
819 858 1074 902 momen
1092 888 1108 920 ‚
1154 839 1528 925 caelumque
1580 838 1846 923 fatigat,
1903 844 1968 902 et
1998 845 2236 924 crepat,
2282 840 2615 926 antiquum
2646 861 2847 925 genus

397 958 469 1016 ut
534 954 775 1039 pietate
842 955 1158 1041 repletum
1224 957 1524 1042 perfacile
1591 957 1879 1040 angustis
1946 956 2235 1020 tolerarit
2286 956 2517 1022 finibus
2585 979 2810 1022 aevom
2828 1007 2845 1042 ,

398 1090 543 1134 cum
586 1071 793 1134 minor
838 1077 1005 1135 esset
1049 1073 1189 1157 agri
1233 1073 1434 1137 multo
1479 1071 1703 1166 modus
1749 1077 1901 1136 ante
1944 1057 2230 1136 viritim:
2277 1093 2394 1136 nec
2434 1078 2612 1138 tenet
2638 1075 2849 1138 omnia

397 1188 708 1273 paulatim
774 1189 1100 1255 tabescere
1170 1197 1236 1255 et
1288 1192 1382 1256 ire
1451 1192 1532 1256 ad
1598 1191 1895 1276 capulum
1934 1241 1950 1274 ,
2020 1191 2225 1277 spatio
2300 1193 2527 1257 aetatis
2604 1191 2851 1256 defessa

396 1305 716 1370 vetusto”.
745 1309 788 1390 ι)

482 1423 667 1487 Haec
733 1425 944 1490 omnia
963 1475 979 1508 ,
1049 1447 1210 1511 quae
1277 1431 1409 1489 tam
1455 1426 1675 1511 pulcre
1721 1425 2063 1490 Lucretius
2114 1425 2454 1508 describit,
2504 1425 2581 1489 de
2625 1425 2850 1490 mundi

396 1541 665 1606 interitu
690 1593 706 1625 ,
775 1543 828 1606 si
894 1564 1030 1607 rem
1099 1543 1661 1608 animadvertimus
1732 1565 1858 1608 non
1927 1544 2195 1608 formam
2250 1544 2329 1608 ab
2397 1543 2675 1630 Epicuro
2721 1545 2849 1607 iam

398 1658 792 1723 docebantur
861 1667 1166 1747 sequente
1229 1661 1630 1747 Leucippum
1662 1663 1728 1744 ²).
1844 1661 1983 1734 Quo
2045 1661 2233 1725 modo
2302 1667 2517 1725 autem
2576 1661 2851 1725 mundus

395 1777 774 1840 interiturus
841 1779 964 1860 sit,
1034 1799 1188 1840 num
1256 1779 1390 1842 ictu
1457 1784 1522 1842 et
1587 1780 1915 1843 invasione
1972 1774 2329 1843 m'eteorum
2398 1800 2739 1844 concussus
2787 1785 2851 1843 et

395 1893 678 1977 fractuS,
725 1916 807 1960 an
852 1901 1180 1959 crescente
1227 1895 1556 1960 debilitate
1601 1897 1935 1983 paullatim
1982 1898 2303 1982 periturus
2350 1897 2465 1980 sit,
2512 1897 2852 1961 Lucretius

397 2033 527 2075 non
572 2021 900 2078 memorat.
993 2013 1356 2078 Secundum
1404 2014 1752 2078 Stobaeum
1798 2015 2114 2100 Epicurus
2159 2014 2227 2078 in
2270 2013 2558 2079 hocloco
2593 1989 2849 2098 docuit,

397 2129 571 2216 quod
615 2130 768 2194 alibi
813 2153 1105 2218 quoque,
1174 2133 1366 2196 variis
1411 2131 1614 2196 modis
1658 2131 1725 2194 id
1770 2131 1909 2196 fieri
1953 2151 2137 2217 posse
2163 2129 2249 2214 ³),
2311 2152 2542 2217 nempe
2586 2131 2851 2196 interire

396 2247 710 2311 mundum
755 2254 829 2312 ut
872 2249 1214 2332 animalia,
1260 2255 1334 2312 ut
1378 2250 1631 2335 plantas
1677 2249 1780 2312 vel
1825 2249 1949 2313 alio
1995 2248 2226 2332 mod0,
2273 2269 2435 2335 quae
2466 2248 2665 2313 verba
2696 2249 2851 2312 satis

387 2371 550 2428 sunt
596 2366 862 2430 obscura
887 2415 903 2448 ,
951 2388 1096 2431 cum
1140 2387 1376 2430 nexum
1427 2388 1553 2430 non
1598 2367 2075 2451 perspiciamus.

491 2483 670 2556 Quae
701 2483 1096 2569 praecedunt
1129 2487 1322 2562 (1023
1355 2487 1549 2571 seqq.)
1584 2485 1650 2546 in
1681 2484 1807 2548 fine
1839 2485 2143 2569 leguntur
2172 2483 2319 2547 libri
2352 2482 2646 2566 secundi,
2678 2488 2849 2568 post-

397 2621 593 2686 quam
660 2605 850 2663 antea
903 2606 1094 2686 poeta
1137 2621 1300 2687 quae
1349 2622 1518 2663 nunc
1565 2621 1885 2687 exponam
1932 2601 2034 2685 (ad
2079 2601 2485 2681 886—1012)
2533 2599 2849 2663 tractavit.

398 2718 706 2782 Ordinem
752 2720 1138 2784 mutavimus
1184 2719 1335 2805 quia
1380 2726 1490 2783 aut
1537 2718 1889 2783 doctrinam
1922 2718 1999 2783 de
2029 2718 2440 2782 multitudine
2471 2717 2851 2781 mundorum

395 2834 718 2921 posterius
772 2857 811 2899 a
855 2835 1157 2899 Lucretio
1205 2834 1489 2899 additam
1536 2856 1709 2918 esse,
1756 2840 1869 2899 aut
1912 2835 2103 2920 primi
2150 2834 2411 2899 editoris
2455 2834 2853 2918 negligentia

397 2950 688 3015 ordinem
729 2957 1048 3015 mutatum
1097 2972 1234 3015 esse
1281 2972 1650 3035 censemus,
1695 2973 1848 3016 nam
1895 2952 2047 3015 satis
2095 2950 2440 3015 dilucidum
2487 2971 2624 3015 esse
2668 2950 2852 3013 nobis

396 3066 658 3130 videtur
689 3066 1039 3131 doctrinam
1067 3066 1145 3131 de
1172 3088 1477 3132 sensuum
1503 3073 1568 3131 et
1595 3068 1766 3131 vitae
1793 3088 1877 3131 ex
1901 3066 2308 3130 insensilibus
2348 3072 2490 3130 ortu
2514 3067 2855 3129 transitum

393 3182 595 3247 fuisse
640 3184 721 3247 ad
763 3184 998 3248 librum
1043 3184 1305 3247 tertium
1331 3233 1347 3266 ,
1393 3184 1461 3246 in
1508 3204 1631 3270 quo
1680 3183 1757 3247 de
1804 3184 1999 3248 animi
2044 3183 2431 3247 mortalitate
2476 3183 2610 3267 agit
2641 3188 2850 3268 poeta.

491 3299 654 3364 Cum
721 3300 1165 3365 demonstrarit
1234 3307 1471 3365 terram
1541 3306 1605 3391 et
1672 3321 1835 3386 quae
1902 3300 1971 3363 in
2038 3321 2115 3364 ea
2158 3306 2452 3364 crescunt
2497 3321 2581 3364 ex
2626 3300 2853 3364 atomis

397 3418 752 3503 composita
819 3439 1001 3501 esse,
1070 3424 1270 3482 restat
1337 3424 1410 3481 ut
1475 3417 1649 3481 idem
1719 3417 1798 3480 de
1844 3418 2224 3481 animalibus
2280 3418 2609 3500 ostendat,
2654 3423 2728 3481 ut
2775 3438 2850 3481 ea

395 3531 843 3619 phaenomena
876 3555 1158 3620 quoque,
1205 3554 1368 3620 quae
1399 3534 1599 3597 vitam
1631 3533 2029 3619 appellamus
2047 3583 2063 3615 ,
2098 3532 2397 3619 deinceps
2428 3554 2512 3597 ex
2551 3532 2687 3618 ipso
2718 3538 2850 3597 ato-

395 3671 650 3714 morum
695 3652 914 3715 ordine
961 3658 1026 3715 et
1069 3651 1356 3736 positura
1402 3652 1728 3737 explicet,
1776 3672 1858 3715 ne
1905 3657 2204 3736 putemus
2234 3657 2488 3736 praeter
2516 3652 2850 3715 materiem

397 3772 472 3831 et
528 3788 801 3832 vacuum
845 3768 1037 3833 aliam
1081 3769 1335 3833 tertiam
1380 3775 1676 3833 naturam
1709 3790 1834 3852 per
1879 3790 1943 3832 se
1986 3768 2362 3851 consistere,
2433 3788 2596 3854 quae
2641 3788 2851 3854 neque

398 3906 631 3971 corpus
674 3907 882 3974 neque
926 3887 1116 3951 inane
1161 3888 1261 3951 sit.
1351 3886 1534 3951 Idem
1579 3886 1857 3951 inculcat
1903 3886 2237 3971 Epicurus».
2327 3885 2643 3971 Tempus,
2712 3884 2851 3949 feli-

399 4002 563 4067 citas
585 4052 602 4086 ,
649 4024 826 4068 amor
868 4024 1096 4068 revera
1139 4024 1260 4067 non
1313 4009 1460 4067 sunt
1505 4024 1771 4088 corpora
1814 4022 2023 4088 neque
2054 4023 2360 4066 vacuum:
2408 4008 2692 4067 attamen
2722 4023 2852 4066 non

397 4126 552 4185 sunt
616 4120 1026 4208 incorporea:
1097 4126 1246 4185 sunt
1311 4122 1378 4185 in
1445 4120 1812 4206 corporibus
1874 4140 2081 4206 neque
2150 4140 2266 4205 per
2334 4140 2421 4184 se.
2512 4120 2604 4185 At
2674 4120 2726 4183 si
2773 4119 2851 4183 de

473 4352 510 4409 ¹3
581 4351 657 4401 ΙΙ.
697 4354 821 4401 1164
855 4366 988 4416 seqq.

467 4445 507 4511 ²)
577 4446 710 4497 Plut.
743 4446 870 4511 plac.
906 4446 982 4497 11.
1018 4450 1062 4495 4.
1130 4447 1433 4512 Ἐπίκουρος
1466 4449 1759 4513 φθαρτὸν
1798 4448 1947 4511 (εἶναι
1983 4446 2075 4496 τὸν
2107 4447 2346 4509 κόσμον),
2380 4446 2462 4497 ὅτι
2494 4446 2581 4495 καὶ
2602 4448 2851 4511 γενητὸν,

404 4542 482 4600 ὥς
517 4541 710 4607 ζῷον,
768 4545 850 4601 ὡς
894 4545 1105 4607 φυτόν.

469 4635 512 4701 ⁸)
579 4636 687 4686 Ecl.
724 4636 765 4686 I.
801 4638 921 4687 418:
958 4637 1262 4701 Ἐπίκουρος
1295 4634 1559 4695 πλείστοις
1593 4640 1804 4701 τρόποις
1837 4640 1929 4688 τὸν
1962 4638 2151 4699 κόσμον
2182 4635 2501 4700 φθείρεσθαι,
2535 4636 2621 4684 καὶ
2653 4636 2749 4700 γὰρ
2784 4637 2852 4692 ὡς

406 4731 565 4795 ζῷον,
601 4732 687 4781 καὶ
717 4732 786 4790 ὥς
819 4736 979 4797 φυτὸν
1011 4734 1098 4783 καὶ
1131 4734 1430 4797 πολλαχῶς.

2464 4826 2505 4887 4
