3529 5359
1644 338 1726 400 63

469 537 596 602 ris:
685 537 1000 624 Epicurus
1067 538 1128 602 ei
1195 537 1486 603 attribuit
1553 541 1670 615 τὴν
1715 543 2097 626 φαινομένην
2142 543 2503 625 θερμότητα
2547 546 2661 606 τοῦ
2706 541 2916 624 σώμα-

466 677 619 738 τοςς
681 676 838 718 aura
881 660 977 719 est
1025 675 1235 719 comes
1277 655 1549 738 frigidae
1594 655 1969 719 formidinis.
2056 655 2373 742 Epicurus
2418 661 2635 720 autem
2667 663 2909 741 πνεῦμα

466 772 618 836 dicit
664 771 912 836 efficere
956 777 1236 856 κίνησιν;
1306 793 1392 835 ex
1459 793 1607 836 aere
1665 773 1949 837 nascitur
1994 779 2261 859 pacatus
2308 775 2419 838 ille
2467 775 2663 838 animi
2708 780 2912 838 status

465 893 716 975 ἠρεμία;
763 895 988 975 quarta
1029 889 1286 954 nomine
1332 911 1564 954 vacans
1606 913 1753 976 pars
1800 911 2101 956 sensuum
2136 898 2233 956 est
2264 912 2488 975 causa,
2537 893 2771 975 ἐμποιεῖ
2792 896 2910 968 τὴν

440 1011 532 1072 Υἒν
572 1009 724 1088 ,ἡμῖν
771 1007 1085 1082 αἴσθησιν.
1176 1006 1255 1070 In
1321 1007 1463 1070 aliis
1530 1007 1903 1071 animalium
1971 1008 2315 1092 generibus
2373 1007 2549 1073 aliud
2594 1015 2909 1094 tempera-

463 1128 751 1186 mentum
793 1123 1160 1208 praevalere
1207 1123 1436 1188 deinde
1497 1124 1774 1188 ostendit
1841 1131 2049 1210 poeta.
2155 1126 2235 1189 In
2302 1125 2561 1190 homine
2623 1126 2948 1196 doctrina⁴

462 1240 662 1325 polito
704 1247 972 1326 possunt
1015 1241 1358 1326 temperari
1403 1241 1755 1326 quaedam,
1804 1242 1895 1306 ita
1939 1247 2011 1306 ut
2056 1243 2333 1326 vestigia
2360 1243 2734 1328 linquantur
2764 1263 2908 1328 par-

461 1358 647 1441 vola,
707 1380 834 1422 non
879 1365 1096 1423 tamen
1141 1365 1406 1445 possunt
1450 1360 1754 1434 radicitus
1800 1360 1971 1423 mala
2016 1361 2250 1443 evelli,
2315 1360 2487 1446 quod
2529 1367 2747 1424 tamen
2790 1360 2907 1423 im-

461 1474 680 1560 pedire
725 1497 853 1540 non
897 1483 1128 1562 potest,
1175 1477 1510 1563 quominus
1563 1457 1861 1560 ,dignam
1908 1476 2003 1540 dis
2050 1476 2287 1560 degant
2328 1477 2565 1540 vitam”
2594 1471 2901 1540 homines.

461 1593 763 1657 Ceterum
813 1616 1059 1677 „nunc,
1125 1595 1335 1680 inquit
1394 1601 1586 1680 poeta
1608 1645 1624 1677 ,
1691 1615 1942 1681 nequeo
2014 1615 2236 1658 caecas
2308 1615 2633 1680 exponere
2682 1615 2905 1658 causas

457 1731 577 1774 nec
619 1713 900 1798 reperire
944 1712 1291 1796 figurarum
1323 1718 1416 1776 tot
1447 1713 1733 1794 nomina,
1767 1718 1921 1798 quot
1952 1718 2099 1776 sunt
2131 1712 2495 1798 principiis,
2542 1711 2723 1776 unde
2743 1711 2905 1775 haec

459 1828 661 1892 oritur
703 1830 1018 1893 variantia
1059 1831 1338 1894 rerum.”
1387 1832 1752 1894 258—322.

543 1946 728 2020 Quod
795 1947 1094 2034 quoniam
1137 1947 1229 2011 ita
1271 1947 1485 2033 posuit
1528 1953 1747 2032 poeta,
1812 1947 2023 2032 pergit
2084 1945 2425 2011 ostendens
2470 1966 2594 2032 quo
2640 1945 2895 2010 vinculo

455 2062 562 2128 hic
605 2065 852 2128 animus
897 2086 1042 2128 cum
1085 2085 1347 2150 corpore
1391 2065 1476 2128 sit
1499 2065 1892 2130 coniunctus.
1984 2063 2229 2149 Corpus
2256 2064 2539 2128 animum
2572 2064 2897 2128 continet:

455 2181 706 2245 animus
748 2189 966 2246 autem
1011 2183 1291 2268 corporis
1335 2188 1432 2246 est
1463 2188 1674 2246 custos
1705 2188 1770 2246 et
1801 2202 1989 2246 causa
2020 2181 2242 2246 salutis
2268 2203 2283 2244 ε
2336 2202 2521 2262 „nam
2552 2181 2901 2245 communi-

451 2298 572 2362 bus
627 2300 795 2363 inter
853 2321 921 2364 se
986 2300 1306 2364 radicibus
1371 2299 1640 2364 haerent
1698 2320 1817 2364 nec
1886 2299 2023 2362 sine
2089 2298 2371 2385 pernicie
2440 2299 2658 2362 divelli
2712 2319 2899 2384 posse

451 2417 789 2481 videntur”
829 2419 914 2500 ¹),
962 2439 1086 2503 quo
1129 2418 1385 2481 vinculo
1444 2418 1572 2481 iam
1637 2417 1806 2480 inter
1866 2437 1933 2480 se
2001 2417 2203 2500 ligata
2269 2422 2417 2480 sunt
2468 2437 2591 2498 „ex
2634 2417 2900 2481 ineunte

451 2555 654 2617 aeVO,
721 2534 1024 2598 maternis
1093 2535 1286 2598 etiam
1353 2535 1656 2598 membris
1713 2535 1983 2620 alvoque
2032 2532 2347 2620 reposta”.
2375 2535 2424 2616 2)
2474 2533 2719 2619 Corpus
2764 2533 2901 2598 sine

451 2653 664 2717 animo
712 2653 946 2717 sentire
991 2673 1119 2718 non
1164 2658 1375 2739 potest
1417 2673 1627 2739 neque
1673 2652 1869 2717 etiam
1914 2651 2163 2716 animus
2209 2652 2347 2716 sine
2394 2673 2656 2739 corpore
2692 2674 2706 2715 ε
2754 2672 2899 2718 con-

447 2770 666 2835 iuncta
707 2770 1142 2834 tantummodo
1188 2770 1434 2834 vivunt.
1467 2768 1514 2848 3)
1563 2771 1654 2833 At
1699 2770 1964 2834 fortasse
2010 2776 2217 2852 erunt,
2250 2770 2359 2855 qui
2391 2769 2638 2834 dicant:
2672 2790 2901 2834 revera

394 2912 400 2918 ·
449 2894 546 2952 est
589 2890 836 2953 animus
872 2910 989 2974 per
1031 2895 1237 2953 totum
1283 2910 1510 2975 corpus
1557 2889 1815 2953 dissitus
1860 2896 1925 2953 et
1969 2895 2107 2954 arte
2153 2910 2297 2953 cum
2343 2910 2418 2953 eo
2464 2889 2736 2973 ligatus,
2784 2888 2897 2953 sed

447 3011 664 3071 tamen
723 3007 841 3070 tibi
895 3005 1044 3070 dare
1098 3028 1228 3070 non
1285 3027 1654 3091 possumus,
1722 3028 1951 3093 corpus
1996 3027 2247 3093 quoque
2294 3006 2581 3090 sentire3
2630 3012 2850 3071 contra
2878 3055 2895 3090 ,

448 3124 696 3187 animus
741 3124 910 3189 solus
955 3124 1150 3187 sentit
1195 3129 1260 3187 et
1305 3145 1533 3209 corpus
1577 3123 1739 3188 nihil
1786 3129 1883 3188 est
1922 3145 2112 3210 quam
2142 3124 2638 3188 instrumentum
2662 3174 2678 3207 ,
2726 3124 2896 3211 quod

446 3261 705 3326 prorsus
771 3242 941 3305 omni
1011 3262 1200 3305 sensu
1266 3247 1457 3305 caret.
1547 3241 1652 3305 Ita
1717 3242 2075 3306 dicentibus
2125 3241 2469 3326 respondet
2513 3242 2893 3307 Lucretius:

447 3379 592 3423 cum
637 3380 862 3445 corpus
906 3380 1034 3423 non
1080 3359 1315 3425 sentire
1360 3358 1603 3441 velitis,
1651 3359 1763 3423 sed
1806 3359 2011 3423 solum
2058 3358 2339 3423 animum
2371 3378 2486 3444 per
2516 3364 2723 3423 totum
2762 3380 2895 3423 cor-

445 3502 564 3567 pus
589 3480 898 3564 dissitum,
928 3481 1208 3565 graviter
1235 3480 1529 3544 fallimini
1555 3484 1620 3543 et
1651 3480 1793 3561 „vel
1821 3477 2189 3543 manifestas
2213 3499 2317 3542 res
2336 3483 2556 3543 contra
2586 3498 2895 3564 verasque

441 3598 932 3684 repugnat(is)'’.
1001 3598 1173 3661 Dum
1218 3597 1468 3663 animus
1530 3597 1597 3659 in
1642 3616 1903 3681 corpore
1952 3601 2082 3678 est,
2128 3596 2337 3681 ipsum
2384 3616 2611 3680 corpus
2656 3595 2894 3678 sentit,

445 3716 704 3779 dimissa
727 3722 940 3779 autem
965 3715 1180 3779 anima
1203 3736 1432 3801 corpus
1455 3719 1630 3779 caret
1651 3713 1934 3800 undique
1960 3733 2169 3776 sensu.
2203 3712 2327 3787 Qui
2350 3716 2585 3794 autem,
2614 3712 2896 3797 exempli

443 3834 693 3917 gratia,
762 3833 980 3898 dicunt
1047 3832 1262 3897 oculos
1321 3853 1448 3896 non
1505 3830 1759 3913 videre,
1808 3830 1921 3895 sed
1963 3830 2248 3894 animum
2291 3850 2407 3915 per
2452 3850 2559 3893 eos
2604 3835 2892 3915 spectare

441 3956 769 4037 tamquam
792 3971 906 4037 per
935 3950 1127 4033 foreS,
1159 3950 1441 4035 graviter
1469 3954 1713 4014 errant:
1747 3969 1896 4012 nam
1926 3948 1979 4011 si
2009 3946 2175 4011 oculi
2205 3951 2455 4010 tantum
2478 3946 2645 4011 fores
2678 3952 2892 4011 essent

442 4166 544 4173 ——-

509 4281 548 4343 1)
615 4267 702 4329 Vs.
740 4281 851 4328 324.

505 4374 544 4433 ²)
612 4372 698 4423 Vs.
733 4375 844 4421 346.

507 4469 546 4531 ³)
615 4466 700 4517 Vs.
719 4468 958 4516 323—50.
993 4465 1082 4516 Vs.
1103 4468 1196 4515 350
1209 4452 1448 4529 legendus
1469 4469 1578 4515 est:
1614 4466 1781 4529 „quod
1804 4480 1950 4528 super
1971 4468 2062 4525 est,
2082 4462 2239 4528 siquis
2261 4477 2436 4525 corpus
2460 4460 2641 4513 sentire
2663 4467 2886 4512 renutat:

440 4566 628 4628 refutat
646 4600 660 4625 ‚
693 4564 825 4628 quod
855 4564 910 4611 in
941 4562 1079 4611 codd.
1111 4561 1324 4625 legitur,
1370 4577 1485 4611 cum
1517 4560 1930 4625 significationem
1962 4559 2219 4612 refellendi
2252 4558 2406 4623 vulgo
2435 4558 2617 4609 habeat
2633 4594 2647 4619 ‚
2686 4573 2888 4608 sensum

440 4659 644 4723 praebet
673 4658 838 4707 minus
870 4656 1157 4707 dilucidum.
