3529 5359
1571 363 1649 424 61

368 583 524 627 aere
572 567 659 642 (ἐκ
702 571 887 631 ποιοῦ
936 562 1300 650 ἆερώδους).
1389 563 1482 628 At
1539 562 1662 628 hae
1707 569 1840 628 tres
1886 569 2101 651 partes
2153 564 2436 628 nondum
2486 572 2627 648 „sat
2672 572 2821 632 sunt

365 679 458 745 ad
499 701 756 745 sensum
800 681 1184 745 creandum:
1231 681 1322 745 nil
1366 680 1595 745 horum
1640 682 1941 767 quoniam
1984 682 2210 767 recipit
2243 703 2347 746 res
2380 704 2565 768 posse
2602 704 2817 748 creare

369 798 715 862 sensiferos
758 799 1020 862 motus”
1055 805 1132 881 ¹),
1181 799 1350 885 quod
1394 799 1725 864 conficitur
1756 805 1985 885 quarta
2018 799 2137 863 illa
2167 805 2369 885 parte.
2459 801 2644 865 Haec
2672 821 2821 887 pars

369 915 722 1002 praecipua
765 923 893 996 est,
950 915 1322 998 „sensiferos
1366 922 1577 979 motus
1624 937 1789 1001 quae
1838 915 2015 979 dedit
2065 917 2273 1002 prima
2332 936 2447 1003 per
2490 919 2707 982 artus”
2754 923 2819 982 et

368 1034 649 1098 calorem
677 1084 693 1116 ‚
763 1054 983 1098 auram
1009 1083 1025 1116 ,
1095 1054 1244 1098 aera
1309 1033 1608 1118 deinceps
1679 1037 1914 1096 movet.
2007 1033 2361 1118 Epicurus,
2432 1040 2538 1121 qui
2593 1035 2816 1100 eadem

369 1152 564 1216 docet
589 1202 605 1235 ,
673 1152 1031 1216 accuratius
1093 1151 1450 1215 functiones
1520 1151 1827 1236 cuiusque
1875 1151 2075 1236 partis
2123 1151 2420 1215 ostendit.
2511 1152 2819 1238 Legimus

369 1271 546 1335 enim
614 1268 785 1355 apud
874 1269 1219 1335 Stobaeum
1288 1290 1436 1333 eum
1494 1268 1731 1332 dixisse
1794 1269 2077 1333 animum
2148 1289 2285 1333 esse
2333 1277 2532 1355 κρᾶμα
2578 1275 2640 1338 ἐκ
2683 1301 2821 1338 τεσ-

370 1390 623 1474 σάρων,
673 1391 735 1453 ἐκ
780 1394 967 1452 ποιοῦ
1012 1384 1383 1472 πυρώδους,
1452 1389 1514 1451 ἐκ
1558 1392 1746 1452 ποιοῦ
1793 1383 2138 1470 ἀερώδους,
2203 1389 2264 1451 ἐκ
2309 1391 2601 1472 τετάρτου
2645 1392 2821 1466 τινὸς

367 1506 925 1587 ἀκατονομάστου,
969 1512 1157 1570 τοῦτο
1205 1501 1338 1580 δ’ἤν
1384 1505 1548 1590 αὐτῷ
1594 1504 1667 1568 τὸ
1714 1505 2083 1579 αἰσθητικόν
2112 1522 2127 1537 ·
2171 1507 2262 1569 ὧν
2309 1507 2381 1570 τὸ
2426 1509 2537 1587 μὲν
2583 1513 2820 1587 πνεῦμα

367 1625 660 1698 κίνησιν,
703 1623 817 1685 τὸν
864 1618 926 1686 δὲ
974 1623 1120 1706 ἀέρα
1169 1625 1460 1704 ἠρεμίαν,
1507 1621 1580 1684 τὸ
1629 1617 1690 1685 δὲ
1737 1622 1974 1704 θερμὸν
2018 1622 2134 1696 τὴν
2188 1624 2566 1706 φαινομένην
2597 1624 2820 1708 θερμό-

364 1768 522 1816 τητα
569 1744 684 1804 τοῦ
731 1739 1058 1821 σώματος,
1126 1740 1200 1802 τὸ
1273 1735 1845 1810 δ’ἆκατονόμαστον
1891 1740 2007 1813 τὴν
2054 1741 2120 1802 ἐν
2167 1741 2315 1821 ἡμῖν
2359 1742 2631 1822 ἐμποιεῖν
2686 1741 2817 1806 α’ίσ·

367 1861 568 1932 σθησιν
596 1877 610 1892 ·
641 1860 708 1922 ἐν
751 1855 959 1922 οὐδενὶ
1005 1857 1130 1942 γὰρ
1163 1861 1289 1921 τῶν
1323 1855 1818 1938 ὀνομαζομένων
1864 1859 2197 1936 στοιχείων
2229 1856 2385 1921 εἶναι
2416 1857 2713 1934 αἴσθησιν
2744 1857 2816 1936 ²).
2902 1913 2907 1918 .

369 1974 540 2038 Cum
605 1973 706 2038 his
750 1973 962 2037 verbis
1005 1972 1306 2036 videntur
1348 1993 1476 2036 non
1522 1973 1857 2036 concinere
1903 1993 2067 2058 quae
2113 1972 2415 2056 leguntur
2459 1974 2539 2037 D.
2586 1974 2661 2039 L.
2708 1974 2817 2058 X,

369 2093 493 2156 63:
563 2093 728 2158 οὕτω
794 2093 919 2177 γὰρ
979 2093 1017 2167 ἡ
1080 2088 1474 2176 βεβαιοτάτη
1537 2094 1746 2170 πίστις
1803 2090 1969 2156 ’ἐσται
2016 2094 2112 2156 ὅτι
2158 2093 2197 2166 ἡ
2243 2093 2419 2177 ψυχὴ
2468 2094 2649 2175 σῶμά,
2695 2095 2823 2158 ἐστι
2910 2093 2915 2096 ’

367 2210 790 2295 λεπτομερές,
866 2210 1009 2295 παρ’
1041 2211 1204 2274 ὅλον
1247 2211 1322 2274 τὸ
1368 2209 1682 2294 ἄθροισμα
1737 2211 2259 2293 παρεσπαρμένον
2288 2257 2305 2285 ,
2371 2213 2825 2294 προςεμφερέσ-

365 2356 566 2393 τατον
635 2325 698 2394 δὲ
763 2330 1060 2410 πνεύματι
1129 2330 1367 2410 θερμοῦ
1434 2354 1572 2392 τινα
1633 2330 1854 2411 κρᾶσιν
1925 2325 2139 2411 ἔχοντι
2212 2331 2308 2391 καὶ
2352 2335 2437 2401 πῆ
2480 2331 2593 2408 μὲν
2637 2329 2838 2412 τούτῳ

365 2447 836 2531 προςεμφερές,
899 2454 983 2519 πῆ
1052 2441 1114 2509 δὲ
1183 2447 1415 2528 ἐκείνῳ.
1451 2443 1578 2508 ἔστι
1623 2439 1684 2508 δὲ
1728 2445 1802 2506 τὸ
1846 2446 2037 2528 μέρος
2082 2442 2345 2519 πολλὴν
2389 2442 2819 2530 παραλλαγὴν

367 2563 636 2649 εἰληφὸς
679 2567 755 2649 τῇ
801 2561 1202 2646 λεπτομερείᾳ
1229 2565 1324 2625 καὶ
1373 2561 1578 2625 αὐτῶν
1624 2562 1870 2625 τούτων
1893 2608 1910 2636 ,
1959 2565 2283 2642 συμπαθὲς
2330 2557 2393 2626 δὲ
2438 2563 2639 2648 τούτῳ
2663 2561 2821 2643 μᾶλ·

366 2681 500 2747 λον
547 2686 642 2747 καὶ
687 2688 776 2767 τῷ
818 2679 1025 2766 λοιπῷ
1066 2682 1461 2765 ἀθροίσματι.
1555 2677 1904 2753 Quaeritur
1949 2684 2163 2742 utrum
2201 2677 2357 2743 duas
2410 2700 2492 2742 an
2523 2685 2651 2743 tres
2676 2702 2817 2766 par-

367 2802 474 2861 tes
516 2795 620 2860 hic
665 2795 981 2859 discernat
1010 2794 1344 2880 Epicurus.
1408 2794 1572 2859 Sunt
1603 2794 1712 2880 qui
1743 2796 1820 2859 τό
1849 2798 2038 2880 μέρος
2067 2793 2349 2858 referant
2380 2794 2460 2858 ad
2490 2795 2814 2860 animum:

374 2920 518 2996 „est
561 2920 775 2978 autem
819 2935 967 3000 pars
1013 2912 1368 2996 (hominis),
1435 2932 1596 2998 quae
1641 2913 1911 2976 multam
1958 2913 2204 2997 accepit
2254 2912 2812 2978 immutationem'’

367 3031 470 3094 ita
513 3030 833 3114 Oobetus,
892 3029 1282 3094 Huebnerus
1308 3079 1324 3111 ‚
1393 3028 1857 3093 Schneiderus:
1927 3028 2039 3093 alii
2084 3029 2193 3115 qui
2219 3078 2236 3112 ‚
2281 3035 2511 3115 putent
2555 3031 2813 3096 tertiam

367 3152 627 3231 partem
669 3144 773 3210 hic
833 3145 1076 3210 duabus
1119 3145 1434 3231 prioribus
1503 3146 1826 3228 (πνεύματι
1872 3149 1939 3207 et
1983 3146 2211 3233 θερμῷ)
2256 3145 2406 3209 addi
2432 3195 2449 3228 ‚
2518 3146 2607 3210 sic
2653 3146 2812 3211 Ros-

369 3264 508 3327 sius
533 3312 549 3345 ‚
595 3262 763 3350 quod
805 3268 978 3326 recte
1023 3261 1182 3326 mihi
1224 3262 1497 3326 videtur.
1567 3266 1766 3349 τούτῳ
1794 3262 1964 3325 enim
2010 3283 2135 3349 quo
2178 3263 2401 3327 referri
2448 3263 2656 3347 debet,
2690 3264 2815 3329 nisi

369 3378 461 3445 ad
531 3380 808 3443 animam
833 3429 849 3462 ,
917 3400 1064 3444 cum
1124 3384 1216 3465 τῷ
1259 3379 1465 3466 λοιπῷ
1510 3380 1887 3465 ἀθροίσματι
1948 3379 2183 3465 opponi
2229 3379 2515 3444 debeat?
2605 3381 2815 3446 Credo

369 3497 728 3582 Epicurum
771 3496 1044 3561 nominis
1089 3502 1422 3581 expertem
1461 3496 1638 3561 illam
1659 3503 1910 3583 partem
1939 3496 2021 3561 ob
2053 3497 2268 3562 oculos
2297 3497 2616 3581 habuisse,
2650 3520 2815 3585 quae

370 3616 779 3701 λεπτομερείᾳ
825 3614 1084 3691 πολλὴν
1129 3613 1557 3699 παραλλαγὴν
1604 3614 1817 3700 εἴληφε
1864 3619 1990 3681 τῶν
2050 3614 2275 3681 ἄλλων
2322 3617 2701 3699 (πνεΰματος
2750 3623 2815 3681 et

370 3734 636 3818 θερμοῦ)
680 3732 785 3796 vel
828 3738 900 3795 ut
945 3731 1284 3796 Lucretius
1329 3729 1482 3794 dicit
1525 3752 1618 3795 vs.
1652 3733 1779 3796 243
1832 3753 1995 3818 „qua
2038 3752 2249 3818 neque
2297 3732 2598 3797 mobilius
2643 3733 2817 3821 quic-

372 3870 570 3937 quam
613 3870 822 3935 neque
865 3849 1132 3913 tenuius
1179 3850 1463 3913 exstat.”

463 3964 699 4029 Paucis
741 3965 1004 4030 mutatis
1048 3966 1137 4029 sic
1179 3965 1396 4049 legere
1440 3964 1676 4029 velim:
1723 3966 1853 4031 ἔστι
1899 3963 1965 4033 δέ
2006 3994 2064 4031 τι
2096 3969 2285 4052 μέρος
2316 4014 2509 4031 .....
2554 3967 2816 4051 μᾶλλον

377 4082 413 4159 ἢ
460 4088 548 4169 τῷ
587 4082 795 4169 λοιπῷ
819 4130 835 4145 .
863 4132 877 4147 .
906 4132 920 4147 .
1011 4081 1128 4145 Est
1195 4087 1411 4146 autem
1455 4103 1601 4167 pars
1647 4082 1775 4145 alia
1842 4082 1959 4165 (ita
2002 4082 2597 4167 Aldobrandinus)‚
2645 4105 2809 4171 quae

374 4198 693 4263 tenuitate
736 4199 1009 4263 multum
1056 4197 1370 4284 discrepat
1415 4198 1495 4262 ab
1535 4198 1662 4261 illis
1691 4198 1848 4284 ipsis
1865 4247 1882 4281 ,
1930 4197 2042 4263 sed
2075 4204 2290 4263 tamen
2320 4198 2471 4264 huic
2505 4200 2780 4280 (animae
2795 4249 2812 4284 ,

375 4314 559 4381 cuius
625 4314 780 4379 duas
846 4321 1059 4401 partes
1127 4315 1544 4399 enumeravit)
1613 4314 1827 4401 potius
1886 4315 2287 4379 consentiens
2333 4337 2525 4403 quam
2566 4316 2813 4403 reliquo

446 4577 486 4641 ι)
553 4576 641 4627 Vs.
677 4580 787 4629 238.

441 4671 484 4734 ²)
551 4670 659 4721 Ecl.
693 4687 740 4736 p.
776 4672 883 4724 798.
919 4671 981 4721 cf.
1018 4670 1151 4721 Plut.
1185 4669 1312 4735 plac.
1349 4670 1459 4731 1v,
1495 4673 1540 4719 3.
