3529 5359
1672 354 1793 418 113

507 559 784 618 aetatem
853 576 1036 640 posse
1091 577 1206 642 per
1252 576 1546 637 omnem,
1615 543 1967 641 plagarum
1997 556 2147 641 quia
2192 561 2339 618 sunt
2386 555 2719 640 expertia,
2790 553 2953 618 sicut

507 670 695 734 inane
766 677 902 755 est,
972 673 1140 758 quod
1197 679 1413 736 manet
1459 674 1770 737 intactum
1815 695 2022 760 neque
2070 674 2148 738 ab
2194 674 2327 737 ictu
2370 672 2659 756 fungitur
2703 671 2908 735 hilum
2934 721 2950 754 ,

507 793 617 851 aut
664 788 858 852 etiam
904 789 1052 875 quia
1096 790 1273 853 nulla
1318 790 1441 853 loci
1486 790 1556 853 fit
1603 791 1785 875 copia
1831 791 2101 872 circum,
2170 811 2293 874 quo
2339 789 2517 874 quasi
2561 810 2662 852 res
2707 788 2951 872 possint

507 903 830 970 discedere
882 906 1300 992 dissoluique,
1350 906 1514 970 sicut
1559 928 1949 971 summarum
1996 927 2242 971 summa
2273 912 2369 969 est
2399 911 2695 987 aeterna,
2740 925 2949 990 neque

507 1026 692 1085 extra
752 1023 860 1107 qui
902 1022 1079 1086 locus
1125 1030 1222 1086 est
1267 1045 1390 1109 quo
1435 1023 1783 1105 dissiliant,
1844 1044 2051 1108 neque
2099 1044 2363 1108 corpora
2408 1028 2556 1086 sunt
2601 1043 2762 1108 quae
2808 1043 2951 1107 pos-

507 1137 632 1200 sint
675 1138 954 1203 incidere
1002 1145 1067 1202 et
1111 1139 1322 1202 valida
1368 1139 1713 1203 dissoluere
1760 1140 2011 1224 plaga.'’
2096 1139 2269 1203 Haec
2314 1139 2437 1202 tria
2481 1145 2696 1203 autem
2726 1137 2950 1201 mundi

506 1278 632 1319 non
701 1263 849 1320 sunt
909 1258 1198 1343 propria:
1273 1278 1423 1341 ergo
1469 1258 1754 1321 mortalis
1804 1234 1899 1320 est
1940 1261 1995 1339 ¹).
2088 1257 2399 1331 Quartum
2448 1256 2719 1343 denique
2766 1277 2950 1340 argu-

504 1378 794 1438 mentum
861 1375 1130 1438 sumitur
1196 1396 1279 1438 ex
1349 1396 1550 1460 aquae
1620 1381 1683 1438 et
1751 1375 1918 1458 ignis
1987 1381 2295 1460 perpetuo
2351 1375 2717 1440 certamine.
2806 1374 2946 1438 Ali-

507 1490 757 1576 quando
826 1490 1090 1554 fortasse
1159 1491 1432 1554 alterum
1493 1491 1853 1575 superabit,
1924 1497 1996 1554 ut
2039 1497 2266 1576 poetae
2314 1497 2549 1555 canunt
2592 1492 2719 1556 iam
2765 1496 2954 1554 antea

507 1607 910 1672 Phaethonte
985 1631 1022 1672 a
1095 1615 1270 1672 recta
1343 1609 1450 1672 via
1521 1609 1856 1672 aberrante
1933 1609 2128 1672 solem
2192 1610 2401 1673 omnia
2462 1610 2804 1691 torruisse,
2882 1614 2947 1672 et

507 1747 736 1810 aquam
797 1746 1047 1810 quoque
1094 1727 1220 1789 iam
1267 1746 1597 1810 superasse
1642 1725 2053 1789 Deucalionis
2101 1732 2385 1811 tempore
2419 1726 2484 1809 2).
2575 1727 2720 1790 Hoc
2767 1746 2952 1810 argu-

505 1850 795 1906 mentum
862 1825 1075 1907 tamen
1145 1850 1293 1907 ante
1362 1843 1622 1906 tertium
1690 1865 1927 1928 ponere
1972 1845 2347 1926 mallemus,
2416 1865 2564 1907 nam
2609 1844 2841 1907 mirum
2885 1844 2953 1906 in

504 1959 765 2023 modum
809 1958 929 2024 hoc
976 1959 1235 2023 tertium
1261 2009 1277 2042 ,
1323 1960 1489 2045 quod
1543 1959 1703 2023 alius
1750 1965 1847 2022 est
1893 1961 2143 2043 generis
2188 1960 2721 2042 ratiocinationiS,
2756 1961 2952 2023 inter-

505 2077 746 2161 rumpit
813 2077 938 2140 tria
996 2077 1285 2162 reliqua3
1356 2083 1688 2162 praeterea
1756 2077 2095 2140 Lucretius
2159 2077 2347 2161 vulgo
2413 2077 2720 2140 eiusmodi
2766 2097 2952 2161 argu-

507 2198 765 2275 menta,
836 2213 998 2277 quae
1060 2193 1306 2256 ratione
1367 2195 1658 2257 nituntur
1702 2214 1910 2278 neque
1956 2215 2077 2256 usu
2122 2193 2292 2256 vitae
2340 2199 2405 2256 et
2450 2193 2951 2276 consuetudine,

506 2311 735 2374 ultima
800 2311 1000 2395 ponit.
1091 2310 1184 2375 Of.
1255 2310 1378 2374 ΙΙΙ.
1443 2313 1566 2375 819
1632 2332 1803 2397 seqq.
1911 2310 2036 2374 Sed
2097 2311 2453 2374 coniunctio
2514 2310 2776 2394 denique
2836 2310 2952 2373 im-

509 2425 684 2511 pedit
705 2476 722 2509 ,
784 2427 1120 2512 quominus
1190 2427 1476 2490 ordinem
1541 2433 1904 2490 mutemus:
1981 2426 2244 2490 fortasse
2323 2432 2513 2512 poeta
2590 2425 2709 2490 hoc
2770 2447 2952 2512 quar-

507 2550 643 2607 tum
688 2545 986 2608 ultimum
1033 2565 1169 2608 esse
1208 2545 1412 2608 voluit
1457 2545 1755 2631 quoniam
1802 2550 2003 2608 artem
2049 2545 2365 2630 poeticam
2412 2543 2779 2628 respicienti
2811 2542 2950 2627 pul-

509 2660 892 2726 cherrimum
959 2668 1055 2726 est
1121 2684 1322 2750 eoque
1386 2663 1824 2748 dignissimum
1851 2713 1867 2746 ,
1927 2647 2102 2748 ¹quod
2146 2661 2760 2745 argumentationem
2807 2682 2951 2724 con-

508 2778 738 2843 cludat.
833 2779 984 2844 Tria
1051 2780 1162 2843 illa
1221 2785 1597 2863 argumenta
1643 2785 1859 2843 autem
1905 2778 2285 2842 conferenda
2330 2783 2476 2841 sunt
2504 2756 2664 2840 ’cum
2710 2776 2951 2841 Stoico-

509 2917 650 2959 rum
697 2896 1015 2959 sententia
1039 2900 1087 2973 ³)
1119 2918 1133 2959 ε
1182 2898 1418 2982 ἀρέσκει
1465 2894 1517 2961 δ’
1569 2897 1787 2971 αὐτοῖς
1818 2900 1914 2961 καὶ
1948 2898 2315 2981 φθαρτὸν
2347 2895 2501 2959 εἶναι
2532 2895 2644 2959 τὸν
2678 2896 2949 2977 κόσμον,

511 3013 638 3080 ὅτε
697 3015 1042 3099 γενητὸν
1091 3019 1178 3100 τῷ
1222 3013 1403 3099 λόγῳ
1447 3017 1573 3078 τῶν
1621 3010 1696 3078 δι’
1743 3016 2101 3087 αἰσθήσεως
2149 3016 2544 3094 νοουμένων,
2609 3010 2695 3075 οὗ
2741 3012 2831 3074 τά
2876 3038 2952 3075 τε

509 3134 695 3215 μέρη
760 3132 1079 3217 φθαρτά
1143 3134 1300 3195 ἐστι
1362 3135 1483 3195 καὶ
1529 3133 1617 3195 τὸ
1667 3129 1863 3195 ὅλον
1898 3149 1911 3163 ·
1959 3132 2049 3193 τὰ
2098 3126 2177 3194 δὲ
2223 3131 2411 3213 μέρη
2459 3133 2587 3192 τοῦ
2642 3129 2951 3208 κόσμου

513 3252 884 3334 φθαρτά·
956 3253 1070 3328 εἰς
1129 3248 1464 3325 ἄλληλα
1519 3249 1672 3334 ’γὰρ
1741 3246 2319 3334 μεταβάλλει·
2386 3249 2671 3333 φθαρτὸς
2732 3246 2854 3331 ἄρα
2917 3249 2952 3310 ὁ

513 3367 798 3449 κόσμος·
869 3371 965 3431 καὶ
1028 3366 1093 3431 εἴ
1159 3394 1222 3431 τι
1290 3363 1800 3431 ἐπιδεκτικόν
1870 3368 2024 3429 ἐστι
2093 3374 2229 3439 τῆς
2296 3366 2427 3429 ἐπὶ
2494 3365 2583 3427 τὸ
2652 3374 2951 3448 χεῖρον

510 3482 1005 3569 μεταβολῆς,
1074 3486 1442 3569 φθαρτόν
1509 3487 1726 3549 ἐστι·
1798 3488 1893 3547 καὶ
1953 3484 1988 3546 ὁ
2034 3483 2271 3564 κόσμος
2318 3480 2484 3565 ἄρα·
2536 3477 2952 3565 ἐξαυχμοῦται

511 3602 632 3686 γὰρ
681 3606 776 3665 καὶ
825 3598 1242 3674 ἐξυδατοῦται.

595 3716 871 3780 Mundus
954 3715 1334 3779 dissolubilis
1401 3722 1496 3777 est
1556 3715 1854 3800 quoniam
1927 3713 2181 3776 initium
2265 3711 2510 3775 habuit.
2623 3710 2949 3784 Quomodo

510 3840 723 3897 autem
791 3834 1002 3897 omnia
1064 3833 1334 3896 formata
1402 3833 1527 3895 sint
1590 3853 1757 3895 nunc
1804 3832 2236 3916 explicaturus
2282 3835 2379 3893 est
2424 3834 2632 3913 poeta.
2722 3828 2950 3913 Neque

511 3951 767 4015 consilio
837 3950 1096 4014 deorum
1164 3971 1370 4035 neque
1437 3956 1653 4014 mente
1715 3950 2096 4035 decretoque
2145 3954 2502 4011 atomorum
2546 3945 2667 4009 hoc
2712 3945 2950 4009 factum

511 4072 646 4150 est,
694 4073 837 4153 post
879 4068 1112 4131 multas
1157 4089 1241 4131 ex
1286 4072 1545 4131 aeterno
1590 4073 1877 4153 tempore
1925 4065 2318 4147 collisiones,
2364 4064 2623 4128 tandem
2668 4062 2761 4126 ita
2806 4083 2950 4126 con-

575 4391 610 4456 ¹)
676 4391 763 4441 Vs.
800 4390 1038 4443 351—79.
1109 4388 1280 4440 Simile
1312 4394 1654 4455 argumentum
1689 4389 1823 4440 Plut.
1858 4388 1983 4452 plac.
2022 4388 2065 4437 Ι.
2102 4390 2130 4436 5
2198 4384 2396 4437 Platoni
2429 4382 2643 4434 tribuit:
2710 4384 2949 4433 mundum

510 4485 710 4536 unicum
742 4503 878 4547 esse,
913 4486 966 4535 ἐκ
1001 4489 1090 4535 τοῦ
1122 4488 1190 4551 μῆ
1223 4486 1424 4538 ἔσεσθαι
1461 4488 1622 4538 αὐτὸν
1654 4487 1952 4551 ἄφθαρτον,
1993 4485 2079 4533 ἐὰν
2111 4481 2143 4548 ᾖ
2179 4502 2227 4535 τι
2260 4482 2481 4545 ἐξωτέρω
2515 4480 2690 4529 αὐτοῦ.

575 4582 614 4648 ²)
684 4585 956 4633 380—415.

571 4676 611 4743 8)
676 4679 742 4727 D.
778 4678 837 4729 L.
872 4677 1046 4739 VIII,
1085 4680 1109 4727 1
1140 4713 1155 4739 ,
1196 4681 1302 4727 141.
