3529 5359
1928 393 2013 456 44

751 611 900 655 nam
965 612 1002 656 e
1069 614 1184 656 suo
1250 614 1538 680 quaeque
1602 594 1845 658 semine
1907 614 2009 658 res
2074 614 2244 657 nunc
2290 593 2573 657 nascitur
2620 598 2685 657 et
2732 614 2916 658 suum
2962 593 3082 657 sibi
3110 615 3205 657 as·

751 708 943 771 sumit
1003 709 1213 773 cibum
1255 709 1376 774 hoc
1420 710 1488 774 in
1531 710 1811 793 mundo,
1874 716 2210 796 postquam
2270 710 2468 774 semel
2514 709 2777 774 fortuito
2842 716 3017 774 ortus
3071 716 3199 773 est:

751 845 914 910 quae
979 847 1106 888 non
1166 825 1354 890 utiles
1415 834 1563 891 sunt
1607 827 1803 891 atomi
1847 826 1916 890 in
1962 833 2199 890 terram
2243 826 2631 909 reiciuntur‚
2701 849 2894 914 quam
2942 827 3021 891 ob
3068 847 3201 890 rem

750 947 1047 1026 portenta
1105 943 1253 1006 oriri
1320 965 1449 1007 non
1517 943 1714 1008 vides.
1810 944 1878 1008 Si
1924 944 2118 1007 atomi
2166 943 2513 1026 differunt,
2563 964 2782 1008 earum
2826 944 3198 1026 intervalla,

757 1080 1086 1123 connexus
1113 1109 1129 1142 ,
1197 1060 1518 1146 pondera,
1565 1067 1777 1125 motus
1823 1082 2075 1147 quoque
2122 1060 2456 1144 differunt,
2502 1061 2720 1146 itaque
2768 1083 3057 1148 quaeque
3099 1083 3201 1125 res

755 1197 940 1240 suum
986 1197 1188 1260 genus
1233 1198 1485 1242 servare
1530 1183 1760 1263 potest.
1853 1177 2191 1241 Lucretius
2238 1177 2409 1240 enim
2454 1165 2894 1240 tantummodo
2926 1176 3200 1262 loquitur

757 1294 836 1358 de
881 1294 1001 1358 hoc
1047 1301 1400 1359 atomorum
1447 1295 1666 1359 ordine
1688 1345 1704 1378 ,
1750 1295 1859 1382 qui
1906 1316 2057 1359 casu
2103 1294 2375 1381 quodam
2422 1295 2621 1358 semel
2650 1295 2743 1358 ita
2773 1301 2983 1377 ortus,
3013 1295 3199 1358 stabi-

754 1412 1004 1476 litatem
1070 1413 1387 1499 quandam
1453 1413 1667 1477 habet.
1758 1413 1934 1477 Num
1999 1413 2067 1476 in
2131 1413 2447 1476 anteriore
2492 1413 2601 1477 vel
2644 1413 2994 1498 posteriore
3040 1412 3199 1476 alius

754 1529 976 1593 mundi
1050 1531 1369 1595 creatione
1437 1531 1564 1594 alia
1607 1530 1850 1616 possint
1907 1529 2057 1593 oriri
2110 1529 2410 1594 animalia
2468 1535 2564 1593 est
2617 1530 2902 1615 quaestio
2923 1579 2939 1612 ,
3014 1551 3198 1616 quam

754 1643 860 1708 hic
927 1667 1056 1710 non
1123 1652 1372 1711 tractat.
1461 1646 1518 1710 E
1588 1646 1875 1710 doctrina
1942 1651 2159 1709 autem
2227 1629 2515 1730 sequitur
2574 1644 2695 1709 hoc
2753 1666 2823 1708 re
2868 1666 3021 1710 vera
3064 1645 3198 1708 fieri

757 1782 984 1848 posse,
1033 1763 1202 1849 quod
1248 1763 1443 1828 Stoici
1488 1762 1779 1827 nonnulli
1825 1762 2165 1846 negabant.

844 1879 1028 1944 Haec
1087 1881 1299 1944 omnia
1324 1929 1340 1962 ,
1411 1881 1529 1944 etsi
1575 1880 1899 1965 paucitate
1942 1878 2356 1966 reliquiarum
2401 1900 2529 1943 non
2576 1879 2827 1964 singula
2871 1900 3198 1964 possumus

760 1996 1044 2061 conferre
1113 2019 1258 2062 cum
1301 1997 1567 2082 Epicuri
1611 1996 1861 2081 placitis
1888 2045 1905 2079 ‚
1974 2002 2190 2060 tamen
2234 1996 2327 2060 ita
2372 2017 2517 2060 cum
2562 2002 2695 2060 tota
2740 1996 2877 2060 eius
2922 1995 3199 2060 doctrina

760 2113 1101 2178 cohaerent
1169 2121 1235 2178 et
1302 2136 1388 2179 ex
1431 2115 1568 2178 eius
1612 2114 1940 2199 principiis
1986 2119 2337 2199 sequuntur
2381 2120 2453 2177 ut
2499 2115 2719 2199 procul
2764 2113 2956 2178 dubio
3000 2114 3079 2178 ab
3122 2134 3196 2177 eo

761 2232 887 2295 sint
955 2233 1247 2318 exposita
1313 2253 1442 2295 non
1507 2232 1719 2295 minus
1777 2254 1967 2318 quam
2013 2252 2175 2317 quae
2220 2231 2289 2294 in
2334 2231 2747 2318 sequentibus
2789 2230 3077 2295 versibus
3120 2230 3196 2294 de

761 2347 969 2412 colore
1016 2354 1369 2412 atomorum
1400 2347 1626 2415 refert.
1716 2348 1987 2412 Atomos
2026 2347 2203 2413 enim
2251 2346 2434 2412 docet
2466 2347 2636 2411 omni
2683 2347 2893 2410 colore
2941 2346 3196 2411 destitu-

760 2469 859 2529 tas
892 2467 980 2549 1);
1049 2465 1219 2552 quod
1287 2465 1340 2528 si
1404 2465 1521 2529 tibi
1587 2465 1843 2529 videtur
1908 2465 1976 2527 in
2035 2463 2398 2529 huiusmodi
2445 2485 2709 2550 corpora
2751 2465 2967 2528 nullus
3010 2462 3195 2528 animi

757 2731 870 2779 pars
902 2721 978 2766 est
1009 2715 1301 2765 consimilis:
1336 2732 1511 2767 verum
1542 2715 1766 2780 positura
1796 2715 2116 2780 discrepitant
2146 2717 2273 2766 res.”
2320 2741 2382 2753 —
2420 2714 2484 2766 In
2516 2714 2679 2779 priore
2712 2714 2821 2765 loco
2842 2718 3010 2765 autem
3030 2730 3193 2764 nume-

758 2826 870 2859 rum
903 2816 1093 2873 spectat
1110 2848 1124 2871 ‚
1159 2811 1213 2859 in
1246 2812 1400 2862 altero
1432 2811 1667 2862 ordinem.
1733 2810 2012 2875 Imaginem
2044 2811 2252 2862 fortasse
2282 2827 2346 2861 ex
2380 2810 2597 2874 Epicuro
2622 2814 2871 2873 sumptam
2894 2825 3015 2871 esse,
3038 2809 3195 2859 videre

757 2902 876 2955 licet
923 2919 987 2953 ex
1028 2904 1308 2956 Aristotelis
1346 2907 1407 2957 de
1439 2907 1562 2956 Gen.
1598 2913 1648 2956 et
1683 2906 1907 2971 Corrupt.
1941 2922 2055 2971 pag.
2092 2910 2185 2956 315
2205 2944 2220 2967 ,
2256 2910 2285 2955 2
2322 2906 2584 2967 (Bekker):
2654 2906 3005 2970 ,,Δημὸιι·ριτος
3036 2904 3085 2955 δὲ
3117 2907 3193 2955 καί

760 3000 1051 3061 Λεύκιππος
1091 3003 1401 3061 ποιῆσαντες
1425 3004 1488 3052 τὰ
1511 3003 1775 3067 σχήματα,
1804 3003 1905 3062 τὴν
1926 3004 2208 3053 ἀλλοίωσιν
2230 3004 2314 3052 καὶ
2340 3003 2437 3062 τὴν
2460 3000 2657 3067 γένεσιν
2678 3002 2731 3052 ἐκ
2756 3001 2954 3051 τούτων
2976 3004 3192 3061 ποιοῦσι,

756 3094 995 3156 διακρίσει
1047 3100 1136 3161 με·
1190 3098 1277 3147 καὶ
1329 3100 1582 3163 συγκρίσει
1637 3098 1838 3162 γένεσιν
1887 3098 1972 3147 καὶ
2004 3098 2203 3163 φθορὰν
2222 3134 2233 3153 ,
2302 3099 2439 3153 τάξει
2490 3095 2539 3146 δὲ
2594 3098 2678 3146 καὶ
2728 3096 2858 3146 θέσει
2911 3098 3192 3148 ἀλλοίωσιν.

755 3194 867 3241 ἐπεὶ
912 3191 952 3242 δ’
1007 3190 1170 3257 ᾤοντο
1223 3194 1447 3252 τάληθὲς
1495 3193 1550 3243 ἐν
1585 3194 1657 3257 τῷ
1689 3194 1963 3257 φαίνεσθαι
1984 3232 1994 3248 ,
2030 3192 2242 3243 ἐναντία
2278 3191 2327 3242 δὲ
2360 3193 2447 3241 καὶ
2476 3193 2666 3256 ἄπειρα
2699 3194 2764 3241 τὰ
2795 3190 3101 3257 φαινῦμενα.
3133 3193 3195 3241 τὰ

759 3289 1001 3353 σχῆματα
1035 3290 1222 3351 ἄπειρα
1254 3285 1532 3349 ἐποίησαν,
1569 3288 1696 3338 ὥστε
1730 3292 1845 3345 ταῖς
1880 3286 2196 3350 μεταβολαῖς
2228 3289 2319 3338 τοῦ
2355 3286 2677 3353 συγκειμένου
2712 3291 2770 3339 τὸ
2804 3289 2933 3336 αὐτὸ
2967 3288 3195 3338 ἐναντίον

758 3383 920 3434 δοκεῖν
970 3384 1119 3447 ἄλλῳ
1168 3384 1252 3432 καὶ
1301 3384 1445 3450 ἄλλῳ
1466 3423 1476 3439 ,
1526 3385 1608 3433 εσὶ
1653 3384 2027 3446 μετακινεῖοθαι
2078 3384 2255 3446 μικροῦ
2308 3382 2693 3447 ἔμμιγνυμὲνου,
2748 3384 2832 3432 καὶ
2864 3384 2999 3439 ὅλως
3032 3382 3195 3445 ’ἕτερον

758 3480 1026 3542 φαίνεσθαι
1060 3478 1174 3536 ἐνὸς
1217 3479 1661 3542 μετακινηθέντος.
1711 3479 1774 3527 ἐκ
1822 3482 1943 3527 τῶν
1994 3478 2195 3529 αὐτῶν
2240 3480 2359 3543 γὰρ
2396 3474 2720 3543 τραγῳδία
2754 3479 2858 3527 καὶ
2890 3476 3191 3543 κωμῳδία.

757 3576 1009 3640 γίνεται
1067 3594 1140 3640 γρ
1157 3574 1468 3638 αμμάτων.
1537 3574 1725 3623 Locum
1795 3551 1959 3623 totum
2011 3572 2435 3636 transscripsimus
2489 3571 2607 3639 quia
2660 3570 2843 3635 optime
2896 3570 3099 3635 Epicuri
3146 3576 3197 3621 et

757 3667 978 3717 Lucretii
1011 3668 1292 3731 opinionem
1327 3668 1578 3733 exprimit.

825 3763 860 3822 ι)
927 3762 1014 3813 Vs.
1051 3766 1160 3815 817.
1196 3764 1260 3813 D.
1297 3764 1354 3813 L.
1390 3764 1474 3824 X,
1511 3768 1605 3813 44:
1643 3769 1702 3817 τὸ
1744 3764 1793 3815 δὲ
1834 3771 2008 3829 χρῶμα
2052 3768 2192 3828 παρὰ
2217 3765 2315 3823 τὴν
2334 3763 2479 3815 θέσιν
2504 3769 2609 3813 τῶν
2630 3764 2830 3827 ἀτόμων
2848 3762 3195 3814 ἀλλάττεσθαι

757 3860 811 3909 ἐν
857 3863 972 3917 ταῖς
1007 3859 1194 3910 δώδεκα
1242 3862 1586 3924 στοιχειώσεσί
1622 3871 1789 3926 φησιν.
1859 3860 1924 3910 In
1965 3859 2145 3909 ultima
2177 3857 2329 3908 huius
2360 3856 2657 3922 paragraphi
2686 3863 2827 3921 parte
2856 3856 3002 3920 plura
3031 3856 3198 3906 insunt

756 3953 918 4003 vitia:
968 3953 1153 4018 legitur
1199 3953 1358 4003 enim:
1398 3954 1530 4014 αὕτη
1573 3954 1614 4004 δ’
1643 3956 1675 4015 ἡ
1723 3958 1867 4021 φωνὴ
1902 3956 2100 4005 τούτων
2145 3956 2359 4005 πάντων
2406 3953 2854 4018 μνημονευομένων
2910 3953 3003 4002 τὸν
3025 3952 3195 4001 ἱκανὸν

759 4049 928 4101 τύπον
974 4049 1264 4113 ὑποβάλλει
1319 4056 1411 4111 τῆς
1461 4056 1564 4100 τῶν
1609 4050 1777 4101 ὄντων
1815 4049 2007 4115 φύσεως
2046 4051 2309 4107 ἐπινοίας,
2357 4063 2482 4113 quae
2515 4048 2665 4097 verba
2698 4062 2897 4097 sensum
2929 4062 3029 4095 non
3059 4061 3193 4109 prae-

756 4144 890 4194 bent.
959 4144 1165 4208 Epicuri
1196 4150 1272 4194 est
1303 4144 1525 4195 doctrina
1555 4124 1707 4196 rerba
1740 4144 1884 4209 sigua
1918 4160 2024 4195 esse
2055 4146 2117 4193 ad
2139 4143 2365 4193 notiones
2390 4142 2731 4207 exprimendas
2746 4179 2759 4203 ,
2784 4157 2910 4207 quae
2930 4147 3196 4191 nascuntur

755 4240 932 4290 iterato
965 4255 1127 4289 rerum
1161 4231 1422 4303 adspectu,
1463 4241 1525 4290 D.
1562 4242 1620 4291 L.
1658 4244 1718 4290 33
1752 4240 1859 4291 οὐδ’
1910 4242 1977 4291 ἂν
2020 4239 2350 4306 ὠνομάσαμέν
2390 4258 2437 4290 τι
2479 4240 2551 4303 μὴ
2592 4242 2849 4303 πρότερον
2886 4240 3046 4288 αὐτοῦ
3070 4238 3194 4287 κατὰ

756 4336 1021 4398 πρόληὼιν
1066 4339 1158 4387 τὸν
1187 4336 1356 4386 τύπον
1396 4338 1673 4399 μαθόντες,
1699 4340 1750 4385 et
1782 4340 1959 4385 antea:
1999 4337 2102 4397 ἅμα
2129 4337 2225 4401 γὰρ
2253 4336 2327 4400 τῷ
2350 4332 2573 4399 ῥηθῆναι
2596 4335 2873 4396 ἅνθρωπος
2896 4334 3049 4391 εὐθὺς
3071 4334 3193 4381 κατὰ

757 4430 1025 4496 πρόληψιν
1077 4432 1161 4482 καὶ
1219 4432 1246 4481 ὁ
1285 4434 1448 4489 τύπος
1504 4433 1664 4481 αὑτοῦ
1708 4436 1901 4481 νοεῖται
1933 4432 2330 4497 προηγουμένων
2370 4435 2473 4480 τῶν
2516 4430 2818 4489 αἰσθήσεων.
2862 4429 2932 4477 At
2960 4426 3194 4492 quomodo

755 4534 866 4578 tum
953 4543 1052 4577 vox
1130 4533 1322 4576 atomus
1391 4526 1490 4575 dici
1536 4531 1700 4589 potest
1717 4562 1730 4586 ,
1800 4542 1913 4575 cum
1976 4530 2164 4575 atomos
2215 4540 2472 4589 nunquam
2534 4524 2758 4574 sensibus
2834 4520 3193 4586 percipiamus?

755 4623 930 4672 Plures
961 4620 1358 4672 ratiocinationes
1387 4621 1629 4685 pluraque
1663 4628 1956 4685 argumenta
1987 4637 2076 4670 nos
2110 4621 2422 4669 adduxerunt
2443 4624 2502 4669 ut
2534 4620 2839 4668 crederemus
2872 4624 3063 4668 atomos
3094 4630 3193 4666 esse

754 4716 929 4783 utique
949 4732 1118 4766 earum
1138 4715 1460 4780 proprietates
1483 4731 1915 4781 cognosceremus3
1950 4721 2067 4767 sunt
2087 4714 2243 4780 igitur
2264 4713 2370 4765 eius
2390 4714 2585 4779 generis
2599 4750 2613 4775 ‚
2638 4715 2769 4780 quod
2791 4714 2813 4779 ὁ
2832 4717 2893 4763 62
2916 4712 3063 4764 dicit:
3088 4711 3190 4764 κατ’
