3529 5359
1569 379 1687 440 177

407 577 657 662 dignior
700 576 1114 664 philosophus
1160 579 1545 644 exstitisse”.
1592 579 1892 644 Reisack.
1940 578 2016 654 Q.
2050 580 2124 642 L.
2158 601 2221 664 p.
2271 581 2373 642 37.
2450 579 2513 644 A
2560 578 2852 663 magistri

402 694 508 758 via
567 696 854 760 conscius
913 717 1041 790 non
1087 697 1417 761 aberrasse
1461 698 1760 780 videtur,
1832 697 2107 782 vestigia
2154 697 2291 761 eius
2334 703 2407 760 ut
2452 717 2673 761 omnes
2717 696 2851 763 fere

404 810 667 897 Epicuri
712 813 1007 899 discipuli
1044 815 1138 897 ¹),
1195 836 1442 878 summa
1487 837 1631 878 cum
1677 815 1919 901 pietate
1966 815 2231 900 pressit,
2286 820 2351 878 et
2396 821 2612 879 tamen
2658 815 2852 880 etiam

403 929 458 992 si
524 931 738 996 omnia
803 931 1094 1016 magistri
1152 953 1344 1018 opera
1390 938 1668 998 aetatem
1715 932 2055 1015 tulissent,
2125 933 2412 1018 Lucretii
2458 954 2714 998 carmen
2762 934 2853 996 di-

403 1067 602 1130 gnum
647 1054 815 1112 esset
860 1049 1030 1134 quod
1071 1049 1309 1112 iterum
1354 1055 1548 1134 atque
1593 1050 1830 1113 iterum
1876 1051 2221 1133 legeretur.
2774 1035 2779 1042 ¹

489 1163 618 1227 Sed
656 1170 1004 1250 'antequam
1050 1165 1118 1227 id
1163 1165 1612 1247 ostendamus,
1663 1186 1883 1229 eorum
1929 1171 2025 1228 est
2071 1165 2284 1251 opinio
2315 1166 2694 1250 refellenda,
2742 1166 2852 1253 qui

401 1288 660 1367 poetam
728 1282 1017 1366 magistri
1087 1283 1440 1347 doctrinam
1509 1289 1932 1347 commutasse
2003 1283 2415 1347 contendunt.
2505 1284 2687 1347 Inter
2746 1305 2854 1348 eos

402 1400 680 1484 primum
741 1406 1009 1486 occupat
1076 1400 1286 1465 locum
1355 1401 1650 1465 Ritterus
1681 1402 1750 1484 2).
1842 1402 1920 1464 In
1988 1401 2066 1464 iis
2123 1401 2277 1465 locis
2302 1451 2319 1485 ,
2379 1401 2491 1465 ubi
2536 1408 2727 1488 poeta
2771 1403 2851 1466 ab

402 1516 667 1603 Epicuri
723 1517 1008 1583 doctrina
1054 1519 1412 1583 discessisse
1460 1518 1734 1602 dicitur,
1798 1519 2048 1604 poetico
2093 1520 2351 1603 ingenio
2398 1541 2543 1583 eum
2592 1520 2854 1583 ductum
2924 1597 2927 1600 Α

403 1655 542 1698 esse
627 1639 812 1721 putat
884 1635 1197 1700 Ritterus.
1286 1637 1512 1723 Itaque
1589 1636 1918 1700 contendit
1991 1643 2246 1722 poetam
2344 1637 2471 1719 „ita
2536 1638 2851 1702 Naturam

404 1751 760 1816 describere
783 1801 799 1834 ,
846 1758 919 1816 ut
965 1773 1106 1817 eam
1154 1758 1481 1839 tamquam
1527 1753 1659 1816 vim
1705 1774 1899 1818 unam
1945 1754 2157 1817 omnia
2202 1754 2267 1817 in
2314 1775 2381 1818 se
2427 1754 2853 1840 complecten-

402 1876 534 1933 tem
605 1876 670 1934 et
737 1870 819 1934 ad
880 1871 1280 1935 concordiam
1328 1878 1392 1934 et
1437 1871 1918 1935 consensionem
1966 1871 2219 1955 singula
2263 1892 2552 1958 quaeque
2598 1871 2851 1935 concili-

401 1992 620 2052 antem
694 1992 760 2050 et
833 1994 1320 2073 componentem
1395 1988 1632 2052 habere
1700 1989 2059 2052 videatur”.
2172 1987 2461 2052 Lucretii
2534 1989 2851 2053 Naturam

401 2105 585 2191 quasi
651 2106 870 2170 vivere
942 2112 1007 2170 et
1077 2107 1423 2171 animatam
1471 2128 1609 2171 esse
1657 2107 1851 2190 dicit,
1899 2128 2043 2171 cum
2088 2106 2355 2192 Epicuri
2397 2108 2648 2171 Natura
2691 2112 2851 2170 tam-

402 2245 594 2309 quam
640 2230 844 2289 morte
890 2231 1186 2289 teneatur
1210 2231 1280 2303 3).
1371 2226 1722 2312 Exempla,
1772 2245 1934 2311 quae
1981 2225 2200 2308 affert,
2249 2226 2462 2289 omnia
2507 2231 2654 2289 sunt
2686 2225 2849 2289 eius-

401 2341 617 2424 modi,
687 2347 760 2405 ut
803 2342 1066 2405 minime
1112 2348 1263 2427 apta
1307 2343 1489 2406 nobis
1534 2343 1873 2406 videantur
1898 2393 1919 2432 ,7
1974 2363 2137 2428 quae
2184 2342 2421 2406 Ritteri
2466 2343 2849 2406 sententiam

402 2458 710 2543 probent,
759 2480 902 2523 cum
950 2459 1299 2545 Epicurum
1330 2460 1502 2523 idem
1533 2481 1789 2545 prorsus
1822 2460 2109 2524 docuisse
2142 2481 2333 2545 supra
2370 2459 2847 2523 ostenderimuS.

402 2575 496 2640 Ut
528 2597 728 2640 unum
753 2583 818 2640 et
847 2576 966 2640 hoc
995 2577 1440 2660 gravissimum
1474 2577 1814 2642 afferamus
1842 2601 1854 2641 :
1904 2599 1979 2642 eo
2011 2599 2318 2663 apparere
2345 2577 2636 2641 Ritterus
2664 2582 2851 2662 putat

402 2694 778 2758 Lucretium
803 2701 1098 2759 naturam
1122 2700 1446 2781 tamquam
1477 2696 1867 2760 animantem
1895 2696 2229 2778 habuisse,
2265 2696 2434 2781 quod
2466 2716 2685 2759 eorum
2718 2695 2850 2781 opi-

402 2812 660 2877 nionem
706 2834 836 2877 non
881 2819 1252 2898 oppugnet,
1301 2814 1408 2899 qui
1455 2819 1625 2877 astra
1671 2814 1849 2900 quasi
1895 2813 2197 2877 animalia
2242 2835 2427 2876 suum
2473 2813 2685 2877 cibum
2732 2812 2851 2876 sibi

403 2931 778 3017 quaerentia
822 2952 960 2995 esse
1007 2931 1411 3007 contendant.
1481 2929 1573 2994 At
1617 2932 1685 2994 in
1729 2930 1892 2993 libro
1938 2930 2003 2994 V
2050 2933 2215 3015 (pag.
2270 2932 2411 3011 121)
2459 2929 2851 2993 ostendimus

403 3054 719 3134 quatenus
763 3054 955 3134 poeta
1005 3069 1148 3111 cum
1193 3048 1499 3132 magistro
1547 3048 1957 3113 consentiat„
2017 3046 2202 3121 Quod
2250 3047 2302 3109 si
2347 3046 2619 3130 legeriS,
2663 3046 2849 3110 facile

403 3166 713 3231 concedes
781 3186 864 3229 ex
933 3166 1242 3229 eiusmodi
1301 3165 1690 3251 metaphoris
1756 3165 1920 3228 nihil
1981 3164 2144 3228 effici
2188 3184 2369 3249 posse
2389 3213 2405 3246 ,
2475 3164 2850 3248 praesertim

403 3268 552 3348 cum
617 3283 787 3369 apud
854 3283 1204 3369 Epicurum
1268 3304 1396 3346 non
1459 3284 1668 3346 minus
1730 3282 2103 3345 temerarias
2168 3281 2602 3344 inveniamus:
2674 3280 2849 3346 ἀλλὰ

401 3405 528 3485 μὴν
573 3400 975 3478 ὑποληπτέον
1025 3406 1119 3467 καὶ
1169 3403 1283 3478 τὴν
1331 3404 1524 3486 φύσιν
1570 3399 1791 3466 πολλὰ
1841 3404 1936 3464 καὶ
1982 3408 2250 3465 παντοῖα
2300 3400 2423 3464 ὑπὸ
2470 3403 2597 3465 τῶν
2643 3400 2850 3464 αὐτῶν

401 3518 792 3604 πραγμάτων
838 3514 1215 3603 διδαχθῆναί
1258 3521 1464 3582 τεκαὶ
1511 3517 1993 3602 ἀναγκασθῆναι
2020 3515 2221 3598 4).”--
2296 3516 2493 3599 Χάρις
2538 3519 2615 3601 τῇ
2656 3542 2851 3597 μακα-

470 3782 508 3847 ¹)
581 3780 657 3831 Of.
693 3778 991 3831 Untersuch.
1026 3795 1093 3827 zu
1127 3777 1339 3851 Cicero’s
1371 3776 1803 3841 philosophischen
1828 3776 2081 3825 Schriften
2102 3790 2201 3825 von
2224 3772 2416 3850 Rudolss’
2432 3772 2640 3835 Hirzel,
2682 3776 2707 3824 1
2730 3772 2847 3835 Th„

440 3912 452 3927 .
489 3878 552 3925 98
585 3891 636 3926 se
707 3911 718 3924 .

402 3892 436 3941 P
469 3971 507 4031 2)
577 3892 872 4022 (ἒθῖἓὴὶοὴὺθ
919 3970 1006 4019 der
1053 3967 1369 4032 Philosophie
1403 3984 1504 4019 von
1539 3968 1624 4017 Dr.
1663 3966 1907 4017 Heinrich
1940 3966 2119 4017 Ritter.
2153 3964 2349 4017 Vierter
2381 3962 2525 4014 Theil
2538 3999 2553 4025 ‚
2589 3965 2649 4012 26
2680 3962 2811 4011 Aufl.
2832 3998 2847 4025 ,

383 4080 518 4131 pag.
553 4068 615 4116 89
649 4081 785 4130 seqq.

469 4161 510 4227 8)
580 4161 701 4225 Pag.
739 4162 815 4209 94.
882 4159 1038 4220 „Dies
1070 4159 1206 4223 zeigt
1237 4158 1343 4209 sich
1375 4158 1636 4220 besonders
1670 4156 1813 4206 darin
1831 4194 1843 4217 ,
1879 4157 1991 4206 dass
2025 4155 2103 4205 die
2136 4154 2301 4203 Natur
2332 4154 2436 4202 und
2467 4151 2575 4202 ihre
2608 4152 2849 4202 Bestand-

403 4257 557 4308 theile
603 4256 674 4306 im
719 4256 1062 4320 AJlgemeinen
1105 4254 1253 4304 theils
1287 4255 1378 4303 auf
1405 4254 1515 4303 eine
1549 4252 1649 4309 viel
1680 4252 1992 4315 lebendigere
2007 4288 2019 4312 ,
2067 4248 2217 4299 theils
2250 4249 2343 4299 auf
2369 4250 2477 4297 eine
2508 4248 2849 4312 mannigfalti-

406 4366 520 4416 gere
553 4349 722 4402 Weise
754 4366 854 4399 von
885 4348 1146 4399 Lucretius
1179 4348 1476 4413 geschildert
1506 4347 1701 4397 werden
1717 4383 1730 4407 ,
1779 4345 1852 4394 als
1886 4361 1937 4394 es
1970 4344 2049 4393 die
2082 4344 2218 4392 todte
2251 4343 2355 4391 und
2388 4341 2494 4391 61111ι
2498 4340 2681 4405 ormige
2714 4340 2848 4406 Phy-

406 4445 486 4495 sik
528 4446 615 4495 der
661 4443 938 4508 Epikureer
967 4460 1034 4493 zu
1070 4447 1344 4493 verstatten
1377 4441 1560 4491 schien.
1595 4468 1658 4477 -—
1693 4442 1814 4504 Pag.
1850 4443 1943 4489 95:
1994 4438 2115 4488 alles
2149 4437 2253 4487 dies
2285 4435 2816 4499 Vorstellungsweisen
2832 4471 2847 4497 ‚

407 4538 594 4590 welche
641 4538 738 4589 den
781 4539 951 4588 todten
999 4538 1200 4587 Massen
1233 4538 1318 4587 der
1357 4534 1701 4599 epikurischen
1747 4534 1887 4584 Welt
1919 4533 2062 4584 einen
2098 4530 2351 4583 Anschein
2385 4531 2471 4580 des
2502 4529 2697 4580 Lebens
2730 4529 2846 4579 mit-

403 4634 608 4686 theilen.

470 4730 512 4796 ⁴)
581 4730 646 4783 D.
680 4731 736 4783 L.
769 4731 848 4791 X,
885 4730 962 4783 75.

2505 4817 2585 4881 12
