3529 5359
1528 360 1609 422 27

338 586 486 628 611111
531 563 609 628 116
655 565 881 628 iisdem
926 570 990 628 et
1037 564 1179 628 aliis
1226 568 1581 627 atomorum
1627 558 2127 646 proprietatibus
2160 577 2367 621 sermo
2400 557 2539 620 erit.
2589 555 2793 618 Poeta

341 688 596 764 autem,
667 704 808 746 cum
877 703 1055 746 suam
1117 681 1467 745 doctrinam
1523 677 1919 762 argumentis
1965 676 2358 756 firmaverit,
2408 673 2511 738 ad
2557 673 2795 736 dissen-

340 799 638 863 tientium
697 798 1218 885 philosophorum
1285 797 1522 883 placita
1579 793 1918 859 refutanda
1964 794 2209 857 transit.
2303 792 2575 856 Multam
2624 791 2794 854 enim

341 916 478 1000 ipse
545 915 888 1001 Epicurus·
928 915 1103 978 dedit
1171 935 1470 1000 operam,
1541 919 1614 976 ut
1679 913 1948 976 aliorum
2026 911 2377 975 doctrinam
2450 909 2792 993 redargue-

340 1038 441 1095 ret
479 1033 520 1114 ¹)
547 1081 564 1114 ,
626 1053 816 1117 quam
874 1032 1187 1096 rationem
1233 1031 1572 1098 Lucretius
1619 1035 1876 1093 secutus
1923 1033 2038 1092 est.
2128 1028 2207 1092 In
2252 1025 2372 1091 hac
2417 1031 2597 1111 parte
2645 1046 2792 1111 ope-

342 1149 429 1213 ris
495 1155 684 1235 poeta
727 1149 962 1213 refellit
1009 1149 1368 1230 Heracliti,
1417 1147 1870 1232 Empedoclis,
1916 1147 2348 1229 Anaxagorae
2395 1144 2789 1229 aliorumque

345 1265 696 1331 doctrinam
721 1317 738 1348 ,
779 1267 887 1352 qui
940 1287 1360 1352 „quamquam
1405 1266 1610 1329 multa
1654 1266 1818 1330 bene
1865 1288 1937 1329 ac
1985 1264 2312 1327 divinitus·
2336 1261 2790 1342 inveniebant,

344 1383 672 1469 principiis
716 1391 932 1447 tamen
976 1384 1043 1447 in
1087 1405 1301 1448 rerum
1347 1383 1554 1448 fecere
1599 1384 1815 1448 ruinas
1863 1388 1927 1446 et
1974 1381 2253 1467 graviter
2298 1379 2515 1464 magni
2559 1399 2791 1463 magno

346 1500 632 1564 cecidere
676 1500 766 1564 ibi
812 1523 961 1564 casu
985 1500 1103 1582 2).”

433 1615 750 1680 Heracliti
820 1616 1131 1702 imprimis
1200 1616 1592 1698 doctrinam,
1687 1636 1833 1679 cum
1902 1637 2043 1679 eam
2114 1613 2311 1678 Stoici
2356 1616 2793 1698 sequerentur,

346 1732 577 1796 acriter
622 1733 956 1818 impugnat
1005 1735 1412 1815 (635-705,
1464 1734 1856 1823 782÷802).
1950 1728 2154 1806 Quem
2199 1731 2452 1815 ipsum,
2510 1728 2561 1792 si
2608 1749 2796 1814 quae-

343 1850 549 1933 ritur,
595 1871 750 1914 num
796 1851 1137 1914 Lucretius
1181 1857 1331 1914 ante
1379 1851 1592 1914 oculos
1638 1850 1935 1915 habuerit
1958 1897 1975 1926 ,
2040 1847 2352 1912 affirmare
2398 1867 2527 1909 11011
2572 1845 2794 1909 ausim.

345 1965 555 2030 Multa
598 1986 826 2030 revera
869 1966 1089 2049 affert,
1153 1987 1316 2053 quae
1349 1967 1440 2032 ab
1487 1967 1627 2052 ipso
1673 1966 2006 2031 Heraclito
2055 1965 2223 2028 dicta
2269 1985 2407 2028 esse
2454 1962 2794 2044 videntur,

347 2081 610 2168 eiusque
680 2081 1030 2164 doctrinam
1091 2083 1346 2147 omnino
1373 2133 1390 2166 ,
1459 2090 1772 2170 quatenus
1839 2083 2096 2170 quidem
2159 2081 2509 2145 diiudicare
2577 2099 2795 2164 possu-

345 2220 530 2281 mus,
623 2221 768 2264 cum
835 2200 960 2264 fide
1042 2201 1358 2286 expressit
1383 2203 1476 2284 ³),
1560 2200 1674 2264 sed
1739 2207 1957 2264 tamen
2016 2199 2201 2263 modo
2272 2198 2349 2262 de
2418 2196 2751 2264 Heraclito
2777 2246 2794 2279 ,

346 2317 537 2381 modo
618 2319 686 2380 in
744 2319 977 2404 plurali
1023 2340 1288 2384 numero
1313 2317 1364 2404 4)
1436 2320 1513 2384 de
1584 2319 1813 2384 Stoicis
1882 2325 2061 2403 (quos
2106 2323 2322 2380 tamen
2366 2316 2623 2379 nomine
2669 2335 2797 2376 non

347 2433 614 2518 indicat)
681 2436 1003 2522 loquitur:
1059 2444 1342 2523 apparet
1393 2438 1606 2521 ‘igitur
1668 2458 1815 2500 eum
1876 2434 2280 2499 Heraclitum
2324 2439 2397 2496 ut
2442 2431 2795 2518 principem

351 2558 418 2616 et
487 2552 725 2617 fontem
791 2554 1211 2620 invisissimae
1275 2555 1527 2620 scholae
1596 2545 2021 2642 oppugnasse.
2113 2552 2443 2617 Adversus
2504 2549 2799 2636 physicos

361 2832 526 2895 spexit
559 2832 880 2883 sententiam:
917 2838 1134 2883 attamen
1169 2850 1295 2899 quae
1327 2835 1388 2884 de
1421 2836 1656 2883 cacumine
1678 2834 1821 2883 affert
1843 2838 1893 2883 et
1926 2835 1985 2882 de
2019 2849 2197 2893 661166,
2234 2848 2323 2882 6111
2343 2836 2617 2882 atomorum
2637 2835 2801 2897 partes

351 2926 503 2977 avelli
552 2944 652 2978 non
696 2928 888 2991 possint
903 2966 916 2989 ,
969 2946 1070 2979 non
1120 2928 1382 2993 probarim.
1453 2930 1570 2981 Huc
1617 2930 1825 2980 fortasse
1871 2930 2185 2979 referendum
2234 2934 2311 2979 est
2355 2928 2487 2992 quod
2519 2928 2585 2977 1).
2624 2927 2681 2977 L.
2718 2925 2768 2975 X
2783 2962 2796 2985 ,

353 3029 417 3075 43
452 3025 597 3075 dicit:
635 3024 749 3077 οὐδὲ
786 3029 885 3091 γάρ
922 3031 1038 3076 cett.
1087 3026 1226 3077 Haec
1260 3026 1413 3077 verba
1444 3025 1514 3077 sic
1547 3024 1862 3089 interpretafi
1894 3025 2078 3083 velim:
2114 3041 2275 3089 neque
2308 3023 2463 3084 6111111,
2487 3021 2652 3087 inquit
2672 3021 2800 3071 infe-

351 3119 460 3170 rius
477 3156 490 3181 ,
545 3120 598 3169 in
643 3119 898 3169 infinitum
944 3119 1096 3169 sectio
1146 3125 1222 3171 est
1254 3120 1486 3185 quoniam
1521 3119 1787 3185 qualitates
1821 3124 2112 3179 (atomorum
2148 3118 2254 3169 sive
2299 3118 2484 3179 rerum)
2516 3121 2799 3176 mutantur,

351 3214 396 3265 si
429 3214 540 3280 quis
573 3232 674 3266 non
696 3214 892 3265 dubitat
925 3215 1102 3275 dicere,
1140 3232 1222 3266 eas
1247 3216 1475 3280 (atomos)
1502 3215 1652 3265 etiam
1685 3214 2117 3279 magnitudinibus
2150 3212 2441 3277 simpliciter
2472 3212 2525 3262 111
2548 3211 2802 3261 infinitum

353 3308 564 3359 transire
599 3308 672 3373 (se
704 3310 1034 3373 protendere).
1105 3299 1415 3359 Mutavimus
1464 3316 1630 3359 autem
1676 3311 1809 3374 λέγει
1844 3310 1891 3360 δὲ
1908 3350 1919 3371 ,
1955 3311 2087 3375 quod
2120 3308 2175 3358 in
2208 3308 2375 3357 codice
2422 3306 2655 3357 Leidensi
2686 3310 2801 3355 ante

356 3404 527 3465 ἐπειδὴ
561 3404 760 3468 legitur,
796 3404 883 3453 ubi
915 3421 1062 3455 suum
1094 3405 1259 3455 locum
1291 3422 1391 3455 non
1424 3406 1588 3466 habet,
1623 3405 1677 3454 in
1711 3404 1891 3470 λέγειν,
1926 3405 2053 3469 quod
2088 3402 2345 3467 posuimus
2366 3408 2475 3465 post
2496 3404 2667 3465 μέλλει
2692 3417 2799 3459 nc:

356 3498 533 3549 deinde
587 3498 858 3561 ἐκβάλλειν
910 3500 1042 3563 1111οᾶ
1091 3515 1289 3549 6611611111
1335 3516 1435 3549 11011
1481 3498 1683 3562 praebet
1700 3535 1712 3559 ,
1769 3496 2073 3547 mutavimus
2122 3496 2176 3545 in
2224 3496 2493 3561 ἐκβαίνειν.
2558 3496 2805 3558 Legamus

355 3592 542 3657 igitur:
595 3593 708 3645 οὐδὲ
767 3594 862 3659 γάρ
897 3595 1052 3658 φησὶν
1087 3592 1358 3655 ἐνδοτέρω,
1413 3592 1480 3651 εἷς
1513 3595 1727 3657 ἄπειρον
1763 3593 1796 3652 ἡ
1833 3595 1961 3655 τομὴ
1996 3592 2269 3657 τυγχάνει,
2304 3590 2475 3651 ἐπειδὴ
2510 3590 2561 3639 αἱ
2596 3594 2802 3649 ποι-ἰτη-

357 3706 441 3747 ne
487 3688 904 3751 μεταβάλλονται
957 3688 997 3737 εἰ
1045 3690 1114 3751 μὴ
1161 3689 1332 3751 μέλλει
1380 3706 1458 3747 τις
1506 3689 1673 3753 λέγειν
1721 3690 1949 3747 καὶτοῖς
1982 3688 2241 3753 μεγέθεσιν
2277 3686 2458 3745 ἁπλῶς
2492 3686 2560 3744 εἰς
2592 3688 2805 3748 ἄπειρον

355 3784 521 3841 αὐτὰς
553 3782 832 3845 ἐκβαίνειν.

424 3876 460 3935 1)
527 3878 849 3939 Anaxagorae
903 3875 1174 3925 doctrinam
1223 3876 1402 3938 partim
1436 3876 1690 3941 redarguit
1723 3877 1810 3935 (D.
1847 3878 1905 3927 L.
1942 3877 1991 3926 X
2010 3914 2023 3937 ,
2080 3878 2157 3938 12)
2183 3894 2194 3925 :
2243 3875 2425 3925 librum
2460 3872 2657 3937 scripsit
2672 3909 2685 3933 ,
2722 3871 2803 3921 6111

357 3971 566 4021 titulus:
617 3974 869 4035 Ἐπιτομὴ
904 3976 1008 4021 τῶν
1042 3976 1172 4034 πρὸς
1208 3974 1326 4030 τοὺς
1360 3974 1600 4036 φυσικούς
1638 3973 1722 4037 (D.
1759 3972 1818 4021 L.
1854 3973 1903 4021 X
1926 4008 1939 4032 ,
1976 3972 2087 4035 27);
2122 3986 2295 4034 porro:
2335 3976 2465 4033 πρὸς
2487 3966 2803 4034 Μεγαρίκους

359 4067 634 4130 διαπορίαι.
703 4066 916 4131 Cynicos
963 4066 1272 4131 oppugnavit
1326 4067 1410 4123 (D.
1446 4067 1504 4116 L.
1553 4068 1635 4127 X,
1693 4068 1842 4130 119);
1880 4068 2115 4115 adversus
2152 4065 2451 4130 Cyrenaicos
2483 4063 2681 4127 scripsit
2717 4064 2801 4124 (D.

357 4163 418 4213 L.
457 4162 534 4221 X,
573 4165 690 4222 136,
732 4164 859 4224 137).
929 4163 1188 4211 Praeterea
1221 4178 1246 4211 e
1280 4161 1570 4226 fragmentis
1619 4162 1738 4212 satis
1786 4168 1988 4225 apparet
2038 4178 2151 4212 eum
2184 4162 2420 4210 adversus
2453 4159 2575 4209 alios
2609 4174 2805 4224 quoque

358 4257 612 4321 scripsisse
644 4258 706 4307 cf.
741 4258 852 4308 Vol.
891 4258 1036 4309 Herc.
1075 4257 1132 4307 II
1169 4261 1281 4321 περὶ
1317 4260 1535 4322 φύσεως,
1570 4258 1662 4318 11,
1699 4258 1791 4308 col.
1826 4258 1949 4309 VII.

325 4342 333 4347 ⁴
427 4354 464 4411 2)
535 4352 594 4413 Ι,
632 4356 724 4405 736
759 4369 892 4418 seqq.

427 4448 466 4507 ³)
533 4450 677 4499 Lucr.
715 4448 776 4509 Ι,
827 4451 954 4509 635,
1007 4448 1249 4497 Miillach.
1285 4448 1459 4511 fragm.
1513 4448 1712 4498 Heracl.
1748 4452 1842 4511 493
1897 4448 1953 4509 1,
1990 4452 2117 4509 693;
2172 4449 2315 4498 Mun.
2352 4450 2412 4499 fr.
2452 4453 2545 4511 23,
2584 4449 2639 4509 Ι,
2677 4452 2803 4509 783;

362 4542 514 4593 Mun.
550 4544 610 4593 fr.
647 4547 738 4604 31,
787 4541 925 4592 aliud
973 4548 1140 4593 tamen
1173 4546 1251 4592 59.
1319 4544 1412 4592 Ad.
1449 4560 1522 4594 vs.
1562 4547 1656 4593 699
1691 4561 1823 4609 seqq.
1864 4546 1919 4594 cf
1945 4550 2195 4609 praeterea
2252 4545 2596 4596 Teichmuller.
2664 4545 2808 4596 Neue

365 4636 608 4698 Studien,
640 4654 752 4702 pag.
790 4640 885 4699 99;
919 4639 982 4687 ad
1017 4642 1109 4687 665
1144 4654 1276 4703 seqq.
1314 4638 1474 4688 Zeller
1507 4639 1568 4700 Ι,
1601 4656 1714 4703 pag.
1751 4643 1846 4689 594
1880 4641 1955 4690 ed.
1990 4644 2053 4702 4,
2094 4642 2232 4694 1877.

431 4730 472 4797 ⁴)
545 4730 604 4792 Ι,
639 4734 732 4780 655
767 4748 872 4797 sqq.
893 4768 906 4791 ,
943 4734 1035 4781 665
1076 4747 1238 4798 661111.,
1277 4736 1366 4784 705
1388 4768 1401 4794 ,
1440 4735 1547 4785 782.
