3529 5359
1820 349 1903 411 64

629 547 858 612 melius
915 547 1278 614 videremus
1337 549 1536 614 oculis
1583 549 1820 615 evulsis
1847 553 1907 634 ²).
1952 549 2248 636 Denique
2297 552 2444 633 (396
2493 553 2689 636 seqq.)
2738 549 2907 636 quod
2950 550 3079 615 iam

633 687 668 730 e
737 667 1025 752 superius
1091 667 1273 732 dictis
1339 668 1627 753 sequitur
1685 668 1923 754 repetit
1967 667 2381 754 philosophus
2426 674 2644 732 noster
2670 718 2686 751 ,
2732 674 2805 732 ut
2848 667 3079 732 melius

631 786 926 850 inculcet.
998 786 1212 851 Pluris
1251 787 1559 850 momenti
1604 786 1686 850 ad
1730 787 1929 851 vitam
1976 793 2074 850 est
2118 787 2364 850 animus
2410 806 2601 873 quam
2632 786 2845 851 anima
2868 835 2885 868 ‚
2930 807 3081 850 nam

633 903 771 967 sine
824 903 1034 968 animo
1079 903 1292 968 anima
1334 905 1403 967 in
1449 925 1710 990 corpore
1755 925 1895 968 esse
1940 925 2069 968 non
2113 910 2363 990 potest,
2432 909 2535 986 „at
2578 908 2795 967 manet
2838 902 2906 966 in
2948 904 3085 968 vita

637 1019 740 1083 cui
803 1040 985 1083 mens
1053 1020 1428 1106 animusque
1472 1021 1842 1084 remansit''.
1933 1020 2225 1084 Membra
2268 1021 2454 1106 plura
2498 1039 2768 1105 cumque
2810 1019 2891 1082 iis
2935 1039 3083 1104 pars

636 1137 886 1200 animae
933 1135 1232 1200 dissecari
1276 1142 1560 1222 possunt,
1607 1157 1751 1201 cum
1798 1143 2012 1201 tamen
2057 1137 2192 1201 vita
2218 1142 2496 1220 maneat,
2529 1137 2679 1222 quia
2707 1137 2955 1200 animus
2986 1141 3084 1200 est

634 1255 906 1340 integer.
999 1254 1342 1320 Oculorum
1405 1255 1566 1320 aciei
1634 1256 1905 1320 afferens
1952 1257 2320 1342 exemplum
2366 1257 2643 1321 illustrat
2686 1261 2877 1342 poeta
2920 1276 3085 1340 quae

636 1373 1066 1458 praecedunt:
1131 1374 1298 1437 oculi
1365 1374 1532 1438 acies
1598 1373 1668 1436 in
1713 1375 1957 1459 pupilla
2002 1375 2125 1438 sita
2170 1374 2364 1438 etiam
2410 1375 2464 1437 si
2512 1374 2681 1438 orbis
2724 1375 3039 1438 laceratur
3066 1421 3083 1455 ,

634 1510 763 1553 non
829 1490 1110 1576 peribit,
1177 1488 1363 1555 modo
1431 1511 1512 1554 ne
1575 1491 1794 1555 orbem
1860 1497 2065 1555 totum
2132 1513 2540 1577 corrumpas:
2604 1497 2706 1573 „at
2751 1491 2804 1554 si
2836 1491 3088 1555 tantula

636 1628 782 1692 pars
839 1607 1008 1671 oculi
1063 1607 1276 1672 media
1332 1608 1442 1671 illa
1500 1628 1726 1693 peresa
1786 1613 1917 1690 est,
1986 1607 2217 1672 occidit
2262 1609 2587 1694 extemplo
2647 1609 2863 1672 lumen
2908 1614 3087 1671 tene·-

635 1724 914 1811 braeque
975 1726 1381 1808 secuntur”¹).
1471 1725 1654 1789 Haec
1713 1726 1926 1789 omnia
1991 1725 2181 1812 plane
2228 1727 2568 1790 concinunt
2612 1747 2756 1790 cum
2802 1725 3091 1790 doctrina

637 1841 920 1928 Epicuri.
1009 1842 1254 1906 Iniuria
1299 1863 1551 1928 quoque
1611 1841 1876 1906 Lachm.
1934 1848 1998 1907 et
2042 1843 2235 1907 Bern.
2282 1865 2374 1907 vs.
2422 1845 2721 1908 350—95
2766 1844 2945 1908 uncis
2988 1842 3087 1905 in-

639 1960 1001 2024 cluserunt:
1055 1960 1144 2041 „si
1173 1980 1264 2024 vs.
1298 1962 1422 2024 396
1457 1981 1628 2046 seqq.
1661 1961 1875 2024 versui
1907 1963 2031 2024 349
2064 1961 2363 2025 continuo
2396 1961 2793 2025 subiciuntur
2813 2010 2831 2044 ,
2876 1960 3091 2024 omnia

639 2077 1147 2142 commodissime
1209 2077 1563 2163 procedunt
1589 2078 1646 2160 ,''
1695 2078 1945 2164 scripsit
1990 2077 2275 2142 Lachm:
2324 2078 2586 2142 mimine
2631 2083 2805 2142 recte
2850 2084 3087 2142 tamen.

639 2195 808 2260 Nam
852 2196 992 2281 ipsa
1035 2195 1296 2281 Epicuri
1341 2195 1538 2259 verba
1583 2195 1752 2280 apud
1800 2196 1880 2260 D.
1928 2196 2003 2260 L.
2054 2195 2139 2259 X.
2188 2198 2269 2259 63
2319 2214 2489 2282 seqq.
2524 2217 2715 2282 quae,
2750 2217 2894 2260 cum
2922 2195 3090 2260 hanc

641 2311 721 2376 ob
769 2333 1042 2395 causam,
1091 2317 1228 2375 tum
1271 2317 1344 2374 ut
1375 2312 1698 2397 superiore
1728 2312 1869 2376 loco
1905 2311 2073 2376 dicta
2096 2312 2416 2376 illustrent
2442 2363 2459 2396 ‚
2507 2313 3049 2398 transscripsimus
3070 2363 3089 2396 ,

641 2428 914 2494 eundem
937 2429 1247 2514 praebent
1267 2429 1551 2493 ordinem
1579 2451 1592 2492 τ
1643 2435 1738 2494 καὶ
1762 2433 1889 2512 μὴν
1914 2436 2011 2496 καὶ
2038 2435 2132 2496 ὅτι
2156 2432 2283 2518 ἔχει
2316 2434 2353 2508 ἡ
2384 2434 2562 2519 ψυχὴ
2597 2443 2707 2508 τῆς
2737 2435 3093 2508 αἰσθήσεως

640 2549 756 2622 τὴν
817 2545 1122 2623 πλείστην
1185 2550 1422 2629 αἰτίαν,
1495 2544 1586 2613 δεῖ
1643 2551 1921 2634 κατέχειν
1982 2545 2167 2626 (596.
2199 2547 2327 2632 97).
2421 2550 2515 2613 Οὐ
2560 2551 2685 2630 μὴν
2732 2549 2967 2635 εἰλήφει
3010 2548 3093 2614 ἂν

641 2669 872 2742 ταύτην
899 2715 915 2748 ,
963 2669 1010 2731 εἰ
1056 2667 1139 2747 μὴ
1187 2665 1310 2731 ὑπὸ
1356 2671 1471 2732 τοῦ
1518 2664 1750 2732 λοιποῦ
1797 2666 2229 2753 ἀθροίσματος
2276 2665 2645 2751 ἐστεγάζετό
2688 2694 2825 2747 πως
2859 2688 2873 2702 ·
2908 2667 2981 2732 τὸ
3024 2662 3090 2733 δὲ

641 2784 874 2849 λοιπὸν
937 2784 1248 2869 ἄθροισμα
1316 2786 1799 2869 παρασκευάσαν
1858 2787 1975 2861 τὴν
2042 2788 2245 2850 αἰτίαν
2311 2788 2543 2859 ταύτην
2606 2785 2929 2870 μετείληφε
2992 2788 3093 2849 καὶ

643 2900 795 2966 αὐτὸ
855 2904 1142 2967 τοιούτου
1204 2904 1662 2985 συμπτώματος
1727 2903 1873 2987 παρ’
1934 2905 2207 2977 ἐκείνης,
2276 2902 2351 2967 οὐ
2397 2904 2603 2985 μέντοι
2650 2903 2943 2979 πάντων,
3001 2901 3093 2965 ὧν

643 3018 838 3092 ἐκείνη
885 3020 1174 3093 κέκτηται.
1226 3017 1344 3083 Διὸ
1389 3016 1875 3103 ἆπαλλαγεὶσης
1920 3028 2029 3093 τῆς
2074 3026 2289 3104 ψυχῆς
2333 3018 2447 3082 οὐκ
2478 3017 2604 3103 ἔχει
2627 3019 2743 3091 τὴν
2770 3016 3088 3093 αἴσθησιν·

643 3128 818 3216 (556)
879 3134 953 3198 οὐ
1025 3134 1148 3220 γὰρ
1217 3136 1372 3201 αὐτὸ
1435 3138 1498 3201 ἐν
1559 3138 1752 3221 ἑαυτῷ
1821 3138 2052 3210 ταύτην
2097 3137 2373 3210 ἐκέκτητο
2418 3136 2535 3210 τὴν
2582 3130 2879 3217 δύναμιν,
2940 3132 3091 3200 ἀλλ’

644 3252 823 3336 ἑτέρῳ
873 3249 996 3327 ἅμα
1043 3256 1560 3339 συγγεγενημένῳ
1589 3253 1757 3339 αὐτῷ
1800 3251 2249 3337 παρεςκεΰαζεν
2297 3248 2509 3335 (557),
2556 3250 2591 3315 ὃ
2638 3248 2737 3316 διὰ
2790 3261 2902 3331 τῆς
2947 3278 3092 3315 συν-

646 3366 1050 3445 τελεσθείσης
1093 3373 1232 3454 περὶ
1279 3369 1432 3435 αὐτὸ
1479 3367 1800 3453 δυνάμεως
1846 3372 1995 3435 κατὰ
2042 3370 2159 3445 τὴν
2202 3372 2447 3444 κίνησιν
2492 3359 2839 3451 σῦμπτωπα
2870 3371 3089 3444 αἰσθη-

643 3486 816 3551 τικὸν
863 3485 1050 3561 εὐθὺς
1099 3486 1456 3551 ἀποτελοῦν
1483 3536 1498 3569 ,
1555 3489 1748 3573 ἑαυτῷ
1781 3483 2076 3552 ἀπεδίδου
2108 3487 2261 3550 κατὰ
2292 3487 2409 3561 τὴν
2441 3488 2785 3570 ὁμούρησιν
2816 3489 2913 3551 καὶ
2946 3513 3091 3567 συμ-

644 3604 913 3669 πάθειαν
939 3608 1034 3668 καὶ
1061 3606 1258 3691 ἐκείνῳ
1273 3652 1290 3679 ,
1326 3605 1601 3691 καθάπερ
1629 3604 1807 3670 εἶπον
1832 3600 2245 3686 (550-570).
2273 3604 2391 3669 Διὸ
2418 3599 2495 3678 δὴ
2520 3607 2617 3669 καὶ
2643 3604 3093 3689 ἐνυπάρχουσα

645 3722 684 3796 ἡ
731 3720 910 3805 ψυχὴ
956 3717 1250 3788 οὐδέποτε
1277 3770 1297 3801 ‚
1342 3720 1552 3787 ἄλλον
1599 3722 1773 3797 τινὸς
1817 3724 2044 3808 μέρους
2090 3719 2586 3807 ἀπηλλαγμένου
2614 3771 2631 3797 ,
2686 3722 3087 3799 ἀναισθητεῖ,

719 4026 752 4092 ·)
822 4026 948 4077 Erat
988 4026 1110 4077 haec
1156 4024 1402 4076 Heracliti
1433 4024 1686 4075 doctrina:
1725 4024 1906 4075 Sextus
1938 4024 2051 4075 adv.
2086 4024 2237 4075 math.
2272 4024 2413 4076 VII:
2467 4027 2591 4075 130:
2630 4026 2684 4075 ἐν
2716 4024 2767 4075 δὲ
2802 4027 3096 4091 ἐγρηγορόσι

648 4124 815 4175 πάλιν
851 4122 930 4172 διὰ
969 4128 1072 4173 τῶν
1105 4121 1416 4182 αἰσθητίκῶν
1450 4124 1624 4185 πόρων
1653 4122 1820 4185 ὥσπερ
1846 4120 1928 4171 διά
1950 4140 2105 4171 τινων
2128 4119 2350 4185 θυρίδων
2374 4120 2643 4186 προκύψας
2670 4120 2712 4179 (ὁ
2738 4121 2791 4171 ἐν
2818 4120 2935 4185 ἡμῖν
2957 4122 3093 4179 νοῦς)

648 4220 734 4270 καὶ
767 4221 841 4284 τῷ
873 4217 1166 4283 περιέχοντι
1199 4215 1480 4281 συμβαλὼν
1513 4217 1726 4283 λογικὴν
1761 4215 1991 4267 ἐνδύεται
2023 4214 2257 4279 δύναμιν.
2324 4215 2457 4265 Eum
2482 4214 2647 4265 Strato
2668 4220 2719 4265 et
2741 4214 3095 4293 Aenesidemus

647 4313 806 4365 secuti
838 4328 944 4363 esse
975 4313 1238 4363 videntur:
1277 4311 1413 4361 Sext.
1448 4310 1483 4359 l.
1516 4310 1549 4359 1.
1587 4313 1680 4360 350
1715 4326 1830 4359 cum
1864 4310 2035 4360 Cicero
2068 4310 2216 4360 Tuso.
2252 4310 2279 4360 I
2300 4346 2313 4371 ,
2348 4313 2411 4359 46
2447 4326 2641 4375 quoque
2673 4310 2802 4359 hanc
2818 4308 3099 4373 opinionem

647 4410 801 4460 fovet.
867 4405 1130 4458 Lucretius
1175 4405 1260 4455 hie
1306 4421 1409 4455 non
1455 4406 1653 4454 nomine
1707 4404 1895 4454 indicat
1948 4403 2297 4455 Heraclitum:
2348 4408 2479 4454 certe
2522 4420 2637 4453 eum
2671 4420 2771 4454 non
2802 4404 2959 4467 legit3
3010 4402 3100 4453 ina

647 4501 812 4566 imago
845 4500 1039 4565 saepius
1061 4499 1122 4550 ab
1147 4497 1402 4549 Heraclito
1422 4503 1722 4561 usurpatur:
1759 4498 1845 4548 sed
1865 4501 2031 4547 noster
2044 4534 2060 4559 ‚
2093 4502 2153 4547 ut
2172 4498 2325 4563 vulgo
2350 4514 2463 4547 cum
2485 4496 2789 4548 adversarios
2810 4500 3065 4561 oppugnat
3082 4532 3098 4559 ‚

649 4588 757 4648 ioco
790 4597 1000 4662 quodam
1033 4594 1294 4645 ridiculam
1325 4593 1488 4645 reddit
1519 4593 1787 4659 imaginem
1804 4629 1819 4656 ,
1854 4594 1914 4643 de
1946 4592 2137 4644 foribus
2170 4597 2221 4644 et
2243 4596 2400 4656 postis
2432 4609 2547 4643 cum
2577 4592 2825 4658 loquatur.

715 4691 759 4756 2)
829 4694 922 4741 413
943 4727 958 4753 ,
997 4694 1072 4740 14.
