3529 5359
1955 399 2038 462 84

780 607 1099 689 mulacra,
1168 604 1361 669 etiam
1425 603 1581 668 alias
1649 622 1787 666 esse
1852 601 2167 685 imagines
2187 603 2433 687 ,quae
2502 607 2725 686 sponte
2792 603 3016 667 suain
3060 624 3217 684 aere,

779 727 952 790 fiant.
1041 724 1232 787 Hunc
1293 719 1609 802 ordinem,
1678 740 1867 805 quem
1927 719 2088 784 ratio
2132 719 2334 804 poscit
2379 725 2442 782 et
2487 719 2748 804 Epicuri
2792 720 2873 785 ad
2918 721 3195 786 Herodo-

781 849 918 906 tum
993 840 1261 926 epistola
1331 837 1603 902 ostendit
1635 834 1715 919 ¹),
1786 858 1928 900 cum
2002 836 2137 899 sine
2182 836 2314 900 ulla
2388 836 2779 901 dubitatione
2852 838 2997 901 libri
3070 845 3197 924 περὶ

783 961 1030 1045 φύσεως
1106 954 1377 1020 eundem
1443 952 1893 1038 praebuerint,
1960 951 2325 1016 Lucretiani
2392 952 2637 1016 codices
2695 957 3010 1018 mutatum
3067 977 3199 1040 pro-

782 1075 956 1138 dunt.
1044 1074 1201 1138 Post
1265 1071 1440 1135 illam
1508 1070 1799 1133 lacunam
1866 1068 2037 1132 enim
2078 1069 2144 1131 in
2194 1091 2318 1155 qua
2364 1067 2439 1132 de
2485 1069 2794 1134 tenuitate
2840 1076 2905 1134 et
2948 1071 3199 1137 levitate

781 1192 1257 1258 simulacrorum
1325 1208 1681 1252 sermonem
1725 1186 1918 1249 fuisse
1964 1186 2276 1268 vidimus,
2343 1186 2619 1273 primum
2663 1187 2932 1271 legimus
2978 1195 3041 1252 et
3084 1190 3200 1254 alia

784 1330 920 1374 esse
968 1308 1336 1388 simulacra,
1387 1325 1549 1391 quae
1596 1308 1818 1389 sponte
1864 1325 1977 1368 sua
2020 1303 2359 1387 gignantur
2384 1307 2469 1386 2),
2538 1302 2763 1368 deinde
2809 1327 2997 1390 quam
3042 1305 3200 1369 facili

731 1505 734 1510 Ι
784 1433 847 1490 et
893 1425 1084 1489 celeri
1128 1423 1370 1488 ratione
1418 1422 1761 1507 gignantur
1784 1422 1849 1503 ³).
1941 1419 2420 1502 Lachmannus,
2488 1420 2596 1505 qui
2640 1421 2881 1506 primus
2926 1421 3201 1486 ordinem

782 1547 1097 1607 mutatum
1165 1561 1300 1604 esse
1369 1539 1703 1622 cognovit,
1771 1541 1955 1623 putat
2014 1543 2298 1621 poetam,
2370 1558 2514 1600 cum
2574 1559 2611 1602 a
2656 1559 2721 1601 se
2766 1539 3202 1623 praetermissa

787 1681 924 1724 esse
987 1680 1146 1744 quae
1214 1679 1304 1722 vs.
1374 1659 1708 1720 129—142
1777 1655 2103 1719 continent
2170 1655 2632 1737 intellexisset,
2694 1655 2852 1741 haec
2916 1657 2983 1718 in
3032 1655 3200 1720 char-

782 1783 882 1840 tas
948 1777 1040 1839 ita
1106 1775 1444 1838 coniecisse
1471 1824 1487 1857 ,
1554 1780 1625 1837 ut
1692 1793 1769 1836 ea
1834 1772 2009 1836 nullo
2064 1776 2235 1835 certo
2298 1771 2435 1834 loco
2497 1772 2868 1856 reposuerit.
2960 1772 3201 1836 Deinde

782 1914 926 1957 cum
969 1892 1143 1956 hisce
1186 1891 1475 1956 versibus
1525 1889 1881 1974 iungendos
1926 1909 2061 1952 esse
2108 1893 2323 1952 censet
2366 1909 2457 1952 vs.
2511 1890 2864 1953 168-175.

869 2011 1059 2074 Salva
1124 2010 1260 2073 viro
1330 2008 1687 2072 doctissimo
1757 2007 1972 2071 debita
2028 2007 2382 2070 reverentia
2446 2027 2561 2069 nos
2624 2011 2838 2070 tamen
2896 2007 3203 2071 malumus

782 2133 996 2212 partes
1064 2126 1357 2191 carminis
1423 2127 1510 2190 sic
1576 2147 1776 2189 nexas
1839 2124 2008 2187 inter
2072 2144 2139 2187 se
2203 2123 2435 2186 fuisse:
2506 2111 2758 2202 —128'‚
2833 2127 3202 2207 176—229,

792 2246 1163 2326 143—167,
1238 2245 1572 2307 168—175
1607 2244 1694 2325 4),
1771 2243 2125 2304 129—142.
2216 2239 2309 2303 Ut
2373 2239 2536 2303 hanc
2596 2241 2955 2325 opinionem
3000 2241 3204 2305 defen-

789 2360 1010 2424 damus
1077 2361 1266 2424 liceat
1309 2380 1549 2424 nexum
1593 2381 1686 2423 ve.
1739 2360 2073 2422 177—-229
2119 2378 2261 2420 cum
2308 2359 2517 2420 —128
2562 2357 2859 2421 indicare.
2947 2359 3207 2423 Praeter

788 2483 1234 2562 argumentum
1252 2526 1268 2559 ,
1316 2476 1483 2561 quod
1529 2498 1612 2540 ex
1656 2475 1917 2561 Epicuri
1948 2475 2195 2559 scriptis
2226 2474 2603 2559 sumpsimus
2632 2473 2790 2538 haec
2820 2473 3205 2540 animadver-

787 2601 900 2658 taS.
993 2595 1281 2658 Primum
1355 2593 1732 2657 tenuitatem
1808 2597 1873 2656 et
1943 2592 2269 2656 levitatem
2344 2591 2816 2655 simulacrorum
2887 2600 3204 2678 tamquam

790 2733 1008 2776 eorum
1078 2711 1420 2775 celeritatis
1480 2732 1698 2774 causas
1764 2711 1947 2775 affert
2020 2712 2173 2791 183,
2248 2711 2409 2791 196,
2483 2711 2601 2773 195
2648 2711 2837 2794 (apud
2882 2711 3203 2793 Lachm.);

787 2830 1014 2894 deinde
1083 2828 1163 2892 ad
1221 2830 1401 2892 nulla
1460 2830 1563 2911 vi,
1633 2850 1931 2912 cassaque
1973 2848 2158 2891 sensu
2201 2827 2374 2909 (128)
2422 2828 2741 2911 pertinere
2786 2827 3039 2893 videtur
3087 2832 3203 2893 193

794 2953 859 3011 et
934 2949 1054 3010 194
1124 2946 1330 3032 „quod
1394 2946 1654 3032 parvola
1714 2966 1903 3009 causa
1969 2950 2065 3008 est
2129 2945 2349 3029 procul
2390 2966 2429 3007 a
2474 2950 2653 3029 tergo
2698 2966 2858 3032 quae
2902 2946 3205 3033 provehat

787 3069 979 3147 atque
1048 3062 1446 3146 propellat”;
1513 3066 1690 3144 tum,
1761 3060 1813 3123 si
1874 3058 2025 3145 quid
2092 3060 2419 3142 videmus,
2487 3062 2647 3142 197,
2701 3062 2819 3123 198
2872 3060 3090 3143 „facile
3135 3067 3204 3125 ut

790 3180 1044 3267 quasvis
1104 3186 1438 3265 penetrare
1484 3184 1719 3265 queant
1763 3200 1865 3242 res
1910 3184 1974 3242 et
2019 3178 2196 3263 quasi
2238 3199 2608 3263 permanare
2652 3200 2766 3264 per
2810 3180 2974 3244 aeris
3016 3180 3204 3244 inter-

851 3412 890 3474 l)
966 3410 1030 3459 D.
1064 3409 1122 3460 L.
1158 3409 1224 3459 X.
1261 3412 1357 3469 46,
1393 3410 1487 3469 47,
1523 3410 1600 3459 48.

849 3506 890 3571 2)
955 3506 1041 3557 Vs.
1083 3508 1350 3553 129—140.

849 3601 884 3659 ³)
952 3600 1037 3650 Vs.
1081 3599 1348 3651 142—175.

847 3694 888 3755 4)
956 3694 1111 3743 Hisce
1145 3691 1369 3742 versibus
1404 3696 1548 3753 poeta
1581 3690 1716 3740 aliud
1739 3690 1881 3740 affert
1915 3696 2257 3756 argumentum
2276 3730 2289 3753 ,
2325 3710 2421 3757 quo
2444 3693 2696 3744 videamus
2710 3730 2724 3755 ,
2759 3700 2944 3759 quanta
2965 3694 3205 3745 celeritate

783 3785 1024 3851 imagines
1042 3788 1322 3850 gignantur.
1361 3784 1599 3833 Serenum
1617 3785 1805 3835 caelum
1819 3800 2052 3850 perquam
2068 3786 2233 3836 subito
2248 3786 2501 3836 turbidum
2524 3793 2573 3837 et
2588 3787 2848 3837 obscurum
2862 3788 2921 3837 fit
2936 3787 3173 3837 interdum
3190 3822 3204 3847 ,

785 3880 1017 3945 quoniam
1048 3879 1182 3929 leves
1215 3882 1267 3928 et
1297 3882 1470 3927 tenues
1501 3877 1658 3927 nubes
1691 3894 1882 3927 summa
1908 3878 2153 3929 celeritate
2174 3883 2371 3944 propter
2398 3879 2554 3943 ipsam
2576 3880 2827 3930 levitatem
2849 3885 2900 3930 et
2920 3880 3204 3931 tenuitatem

783 3974 984 4039 gignere
1017 3978 1068 4023 et
1092 3972 1335 4023 confluere
1357 3976 1576 4034 possunt.
1612 3972 1680 4021 At
1697 3976 1883 4036 quanta
1898 3973 2145 4023 celeritate
2162 3978 2271 4023 tum
2286 3974 2525 4038 imagines
2541 3974 2680 4039 gigni
2696 3991 2836 4039 posse
2852 3975 3032 4025 debent
3049 4012 3063 4037 ,
3096 3992 3204 4026 cum

782 4085 844 4119 ne
877 4068 1040 4119 verbis
1072 4068 1271 4133 quidem
1295 4066 1504 4130 exprimi
1525 4067 1702 4131 possit,
1728 4072 1915 4132 quanto
1934 4068 2150 4119 nubibus
2172 4070 2273 4120 sint
2292 4070 2551 4119 tenuiores.
2588 4070 2732 4119 Patet
2751 4086 2866 4135 ergo
2890 4075 3002 4135 post
3018 4088 3091 4121 vs.
3120 4071 3202 4123 175

783 4161 1020 4212 excidisse
1053 4178 1207 4209 unum
1238 4176 1434 4210 versum
1465 4159 1817 4224 exprimentem
1832 4198 1846 4223 ,
1881 4178 2029 4227 quam
2059 4162 2195 4212 facili
2228 4168 2279 4213 et
2300 4163 2445 4213 celeri
2466 4162 2654 4213 ratione
2678 4162 2958 4227 gignantur.
3008 4163 3201 4213 Lachm.

783 4255 1130 4305 animadvertit
1163 4271 1236 4304 vs.
1279 4255 1368 4307 174
1401 4255 1461 4303 de
1495 4257 1700 4317 imaqine
1724 4254 1807 4319 agi
1830 4292 1843 4317 ,
1882 4256 2101 4309 176—78
2124 4258 2184 4306 de
2205 4257 2471 4305 simulacris
2489 4293 2503 4318 ,
2538 4261 2588 4307 et
2608 4274 2681 4307 vs.
2710 4259 2799 4310 179
2824 4260 3032 4318 (tendat,
3074 4257 3202 4308 codd.

784 4349 956 4414 tendit)
988 4351 1050 4399 ad
1082 4364 1252 4400 vocem
1283 4351 1436 4411 imaqo
1469 4365 1542 4399 vs.
1582 4349 1671 4401 174
1705 4350 2011 4399 referendum
2034 4366 2139 4399 esse
2160 4356 2210 4400 et
2229 4355 2339 4414 post
2354 4350 2498 4400 illum
2515 4367 2713 4402 versum
2728 4352 3080 4402 collocandum.
3116 4351 3204 4401 Sed

783 4444 1043 4494 discrimen
1075 4445 1206 4509 quod
1254 4444 1457 4494 Lachm.
1507 4444 1647 4507 ponit
1695 4444 1825 4494 inter
1873 4444 2113 4509 imagines
2145 4450 2195 4495 et
2227 4445 2487 4496 simulacra
2519 4451 2595 4496 est
2628 4446 3023 4497 commenticium
3059 4452 3108 4497 et
3136 4461 3200 4496 vs.

790 4539 878 4592 179
913 4555 971 4590 eo
1003 4540 1110 4590 loco
1132 4576 1146 4601 ,
1180 4538 1269 4588 ubi
1300 4538 1355 4587 in
1387 4540 1524 4589 codd.
1558 4538 1748 4604 positus
1782 4544 1856 4589 est
1873 4576 1885 4600 ,
1922 4540 2039 4590 ferri
2055 4546 2217 4603 potest
2234 4578 2248 4603 ,
2282 4543 2425 4591 modo
2450 4545 2643 4590 tendant
2664 4542 2869 4606 legatur.
2894 4570 2959 4579 —-
2982 4542 3201 4599 Nexum,

783 4650 930 4700 quem
951 4650 1099 4699 supra
1121 4634 1338 4694 conieci,
1373 4634 1580 4683 defendo
1613 4633 1762 4683 etiam
1793 4639 2052 4699 postquam
2084 4636 2310 4701 Briegeri
2344 4636 2621 4700 opinionem
2652 4636 2755 4702 legi
2777 4637 2832 4686 in
2852 4636 2984 4687 Phil.
3010 4635 3201 4689 XXIX.

782 4744 831 4791 p.
857 4732 980 4806 429,
1015 4746 1128 4779 cum
1149 4728 1364 4779 Christio
1397 4728 1640 4778 censentis
1673 4745 1744 4779 vs.
1784 4732 2035 4778 129-142
2068 4736 2180 4793 post
2216 4734 2304 4779 109
2338 4730 2641 4781 collocandos
2674 4748 2793 4783 esse.
