3529 5359
1821 375 1903 438 18

630 580 698 645 in
766 600 890 666 quo
955 579 1078 644 sita
1121 584 1270 644 sunt
1316 584 1383 643 et
1427 599 1554 664 qua
1599 577 1852 642 diversa
1894 582 2251 642 moventur.
2346 576 2591 662 Corpus
2634 577 2807 642 enim
2852 598 2967 664 per
3013 599 3083 642 se

630 697 982 764 communis
1047 696 1300 761 dedicat
1350 716 1488 760 esse
1536 717 1786 780 sensus3
1833 696 1936 760 cui
1982 696 2107 759 nisi
2148 696 2357 781 prima
2400 694 2557 759 fides
2601 695 2867 760 fundata
2910 696 3082 760 vale-

630 813 766 898 bit,
833 813 992 878 haut
1037 815 1157 877 erit
1211 811 1478 878 occultis
1525 810 1603 875 de
1648 812 1875 894 rebuS,
1923 833 2047 897 quo
2092 811 2447 876 referentes
2480 811 2853 876 confirmare
2886 812 3081 875 animi

631 933 967 1018 quicquam
1010 930 1258 994 ratione
1305 950 1612 1016 queamus
1649 928 1712 1012 ¹).
1806 929 1973 993 Tum
2018 950 2204 1014 porro
2236 928 2413 993 locus
2444 951 2517 994 ac
2546 929 2866 1014 spatium,
2912 928 3083 1014 quod

628 1048 818 1113 inane
887 1066 1222 1130 vocamuS,
1293 1046 1347 1110 si
1390 1045 1640 1110 nullum
1683 1045 1890 1127 foret,
1955 1044 2112 1110 haut
2157 1067 2425 1132 usquam
2472 1046 2593 1111 sita
2637 1067 2899 1132 corpora
2941 1068 3083 1131 pos·

632 1171 772 1231 sent
819 1185 958 1229 esse
1001 1184 1210 1249 neque
1256 1164 1512 1228 omnino
1560 1185 1879 1250 quoquam
1910 1163 2159 1227 diversa
2191 1164 2448 1228 meare’'
2475 1165 2545 1246 ²).
2595 1162 2735 1238 Quo
2766 1185 2911 1226 cum
2942 1163 3081 1227 loco

633 1283 686 1348 si
761 1281 1025 1368 Epicuri
1099 1281 1296 1346 verba
1328 1278 1370 1364 ³)
1462 1281 1941 1367 componimuS,
2020 1303 2267 1346 summa
2326 1281 2576 1366 patebit
2622 1280 3079 1364 congruentia:

628 1403 702 1467 τὸ
765 1406 894 1467 πᾶν
941 1404 1067 1465 ἐστι
1115 1404 1296 1482 σῶμα
1343 1404 1464 1477 (καὶ
1512 1401 1757 1482 κενόν)ε
1828 1401 1903 1464 τὰ
1950 1404 2063 1482 μὲν
2108 1399 2232 1485 γοῗρ
2280 1401 2533 1482 σώματα
2582 1401 2669 1474 ὡς
2717 1399 2883 1464 ἔστιν
2929 1399 3081 1474 αὐτὴ

630 1519 666 1592 ἡ
739 1517 1033 1595 αἴσθησις
1099 1519 1195 1581 ἐπὶ
1262 1518 1523 1582 πάντων
1589 1527 1927 1602 μαρτυρεῖ,
1998 1518 2135 1583 καθ’
2198 1516 2277 1593 ἣν
2323 1519 2671 1603 ἀναγκαῖον
2718 1519 2790 1582 τὸ
2838 1515 3083 1593 ἄδηλον

628 1639 716 1719 τῷ
778 1633 1069 1720 λογισμῷ
1134 1637 1598 1716 τεκμαίρεσθαι·
1664 1637 1712 1698 εἰ
1782 1631 1845 1698 δὲ
1904 1635 1989 1717 μὴ
2053 1638 2126 1709 ἦν
2196 1635 2231 1700 ὃ
2302 1637 2484 1700 κενὸν
2554 1639 2650 1699 καὶ
2698 1635 2918 1720 χώραν
2986 1637 3081 1699 καὶ

550 1776 556 1782 ·
631 1751 838 1837 ἀναφῆ
909 1753 1098 1835 φύσιν
1168 1749 1607 1832 ὀνομάζομεν,
1681 1749 1797 1816 οὐκ
1863 1749 1941 1815 ἂν
2008 1751 2136 1836 εἶχε
2182 1751 2256 1815 τὰ
2305 1752 2557 1834 σώματα
2605 1755 2771 1817 ὅπου
2814 1755 2893 1828 ἦν
2940 1747 3083 1816 οὐδὲ

630 1863 705 1932 δι’
752 1867 826 1931 οὗ
874 1869 1169 1947 ἐκινεῖτο,
1217 1868 1496 1950 καθάπερ
1546 1870 1826 1951 φαίνεται
1872 1870 2198 1949 κινούμενα
2227 1864 2292 1948 ⁴).

719 1984 798 2047 In
866 1982 1030 2065 hac,
1100 2003 1263 2068 quae
1309 1980 1388 2046 de
1433 2003 1634 2046 vacuo
1680 1988 1943 2064 tractat,
1996 1989 2177 2068 parte
2232 1983 2401 2048 idem
2446 1983 3084 2048 animadvertendum

631 2121 773 2165 esse
822 2121 1195 2183 censemus,
1244 2100 1413 2187 quod
1457 2105 1679 2183 antea,
1727 2121 1959 2186 nempe
2005 2101 2381 2165 Lucretium
2423 2102 2700 2186 primum
2732 2105 3085 2186 'argumen-

635 2223 773 2282 tum
833 2217 900 2280 id
967 2237 1240 2303 ponere,
1311 2216 1479 2304 quod
1554 2238 1682 2281 non
1754 2217 1880 2281 nisi
1957 2217 2392 2281 ratiocinando
2453 2216 2786 2302 probatur,
2857 2216 3085 2280 deinde

633 2334 795 2399 illud
840 2335 1222 2400 confirmare
1257 2335 1694 2418 argumenti8‚
1764 2355 1850 2398 ex
1894 2355 2017 2399 usu
2060 2335 2231 2399 vitae
2278 2335 2587 2420 sumptis:
2653 2335 2766 2398 sed
2808 2335 3086 2420 primum

634 2452 795 2516 illud
862 2457 1351 2536 argumentum,
1419 2457 1492 2514 ut
1559 2451 1730 2536 apud
1793 2451 2142 2538 Epicurum
2200 2474 2451 2538 quoque
2471 2501 2487 2534 ,
2537 2452 2614 2516 de
2660 2474 2861 2518 vacuo
2907 2453 3087 2516 abso-

634 2567 770 2631 luto
819 2568 983 2652 agit,
1032 2589 1414 2655 quamquam
1473 2569 1663 2632 inane
1727 2569 1797 2631 in
1862 2568 2047 2632 rebus
2116 2589 2252 2632 esse
2301 2568 2733 2632 demonstrare
2781 2568 2971 2632 debet
2995 2570 3084 2652 ⁵):

704 2922 740 2979 ¹)
810 2920 873 2970 D.
908 2920 968 2970 L.
1004 2920 1077 2980 X,
1113 2922 1208 2968 32:
1265 2920 1386 2969 ὅθεν
1437 2920 1521 2969 καὶ
1568 2920 1682 2983 περὶ
1735 2924 1837 2968 τῶν
1886 2916 2093 2979 ἀδήλων
2127 2920 2230 2972 ἀπὸ
2266 2926 2367 2970 τῶν
2414 2919 2729 2985 φαινομένων
2771 2922 2873 2985 χρὴ
2922 2936 3088 2985 σημει-

636 3018 834 3067 offro-Sat.

699 3112 742 3176 2)
811 3110 895 3159 Vs.
933 3111 1206 3159 419—428.

695 3205 732 3264 ³)
804 3204 870 3253 D.
905 3203 1083 3264 L..x‚
1119 3205 1208 3263 39,
1246 3205 1324 3251 40.

699 3299 739 3364 ⁴)
809 3297 1024 3349 Addidiz
1075 3300 1158 3347 καὶ
1207 3297 1355 3349 κενόν
1388 3298 1519 3362 quod
1551 3298 1797 3348 sententia
1829 3298 2063 3363 requirit:
2118 3298 2293 3349 deinde
2326 3299 2367 3349 εἰ
2401 3303 2497 3365 γὰρ
2544 3300 2613 3364 μὴ
2648 3299 2840 3349 mutavi
2872 3298 2927 3348 in
2960 3300 2999 3349 εἰ
3032 3298 3083 3349 δὲ

633 3396 714 3460 μὴ.
782 3394 894 3443 Hoc
942 3392 1030 3443 illo
1077 3392 1187 3442 loco
1233 3392 1353 3442 olim
1391 3392 1576 3442 lectum
1621 3410 1726 3443 esse
1739 3433 1752 3453 ‚
1803 3393 1922 3443 satis
1968 3399 2169 3457 apparet
2216 3410 2279 3443 ex
2328 3394 2485 3457 ipsius
2518 3394 2723 3459 Epicuri
2755 3394 2810 3444 in
2842 3394 2984 3458 epist.
3022 3396 3089 3443 ad

634 3488 784 3555 Pyth.
823 3488 902 3547 (D.
938 3488 997 3537 L.
1033 3486 1114 3548 X,
1150 3490 1227 3546 86)
1263 3487 1450 3538 verbis:
1490 3492 1548 3540 τὸ
1583 3493 1694 3539 πᾶν
1728 3494 1870 3553 σῶμα
1906 3492 2001 3550 καὶ,
2024 3492 2223 3553 ἀναφὴς
2258 3490 2405 3554 φύσις
2438 3488 2609 3549 ἐστίν,
2632 3506 2659 3541 e
2683 3489 2815 3539 Plut.
2842 3490 2952 3538 adv.
2979 3489 3083 3539 001.

638 3582 748 3632 XI:
787 3586 873 3631 5:-
915 3582 1220 3644 Ἐπικούρου
1283 3582 1332 3631 δὲ
1388 3583 1658 3647 λέγοντοςε
1729 3583 1794 3644 ,,ὴ
1846 3589 1949 3633 τῶν
2006 3584 2173 3634 ὄντων
2228 3584 2375 3648 φύσις
2426 3586 2635 3647 σώματά
2670 3584 2777 3633 ἔστι
2811 3585 2892 3633 καὶ
2929 3589 3088 3641 τόπος

633 3682 757 3739 etc„
792 3682 963 3741 postea
993 3676 1163 3736 XIII,
1201 3678 1258 3726 3:
1297 3677 1351 3727 ἐν
1386 3680 1524 3741 ἀρχῇ
1559 3676 1608 3725 δὲ
1646 3681 1740 3737 τῆς
1776 3676 2127 3743 πραγματείας
2163 3677 2430 3742 ὑπειπών,
2467 3682 2562 3738 τὴν
2597 3682 2701 3730 τῶν
2746 3682 2911 3731 ὄντων
2934 3678 3087 3743 φύσιν

635 3775 846 3837 σώματα
879 3775 1006 3821 εἶναι
1039 3773 1121 3821 καὶ
1157 3774 1322 3822 κενόν.
1385 3771 1640 3821 Incertum
1693 3778 1860 3822 tamen
1910 3772 2069 3822 videri
2099 3778 2291 3836 potest,
2343 3774 2475 3838 quod
2526 3772 2822 3823 vocabulum
2855 3788 2917 3821 ex
2950 3771 3087 3820 hisce

633 3867 818 3917 tribus:
855 3869 1018 3925 κενόν,
1045 3866 1203 3923 τόπος
1223 3902 1237 3927 ,
1275 3866 1474 3929 ἀναφὴς
1499 3865 1645 3925 Φύσις
1669 3865 1953 3930 eligendum
1976 3866 2071 3929 sit3
2108 3867 2193 3916 sed
2211 3866 2623 3918 animadvertenti
2640 3866 2695 3915 in
2712 3867 2926 3915 secunda
2946 3869 3089 3929 parte

634 3961 908 4011 sententiae
940 3961 1147 4010 verbum
1180 3963 1330 4012 κενόν
1363 3960 1578 4025 primum
1611 3961 1775 4011 locum
1810 3977 2046 4024 occupare
2060 4000 2071 4022 ‚
2106 3962 2317 4025 patebit,
2360 3968 2417 4012 ut
2446 3962 2500 4011 in
2533 3963 2747 4013 secundo
2774 3976 2801 4010 e
2819 3960 3090 4011 Plutarcho

633 4057 836 4106 laudato
866 4056 974 4105 loco
992 4093 1005 4116 ‚
1040 4055 1113 4105 ita
1143 4055 1225 4105 hic
1260 4057 1413 4105 etiam
1452 4056 1577 4105 illud
1611 4057 1818 4106 verbum
1852 4060 1996 4108 κενόν
2030 4056 2345 4107 scribendum
2378 4073 2498 4107 esse.
2534 4085 2597 4094 —
2633 4057 2697 4106 In
2728 4053 3091 4119 paragraphum

638 4155 699 4201 38
752 4151 1003 4201 Gassendo
1050 4150 1215 4200 visum
1264 4157 1340 4201 est
1385 4155 1468 4201 καὶ
1511 4153 1666 4203 οὐθὲν
1717 4149 1973 4217 φθείρεται
2021 4153 2089 4212 εἰς
2137 4158 2194 4205 τὸ
2228 4155 2298 4218 μὴ
2332 4155 2395 4205 ὄν
2427 4152 2745 4202 inserendum
2778 4167 2918 4212 esse,
2954 4150 3088 4213 quod

635 4252 832 4306 tamen,
867 4247 910 4295 si
940 4245 1066 4295 illud
1099 4252 1306 4311 πρῶτον
1338 4249 1428 4309 μὲν
1462 4251 1513 4295 et
1546 4246 1594 4297 δὲ
1626 4251 1738 4310 post
1772 4248 2023 4312 ἐφθείρετο
2057 4264 2158 4297 non
2188 4253 2463 4310 praetereo,
2500 4247 2741 4295 affirmare
2774 4261 2873 4295 non
2906 4243 3086 4294 ausim.

701 4341 738 4400 ⁵)
809 4344 926 4401 330,
980 4344 1089 4390 335.
1160 4341 1277 4391 Sine
1331 4341 1437 4391 ullo
1487 4341 1772 4391 discrimine
1826 4342 2089 4393 Lucretius
2133 4359 2371 4406 usurpare
2427 4342 2625 4392 videtur
2661 4341 2888 4391 nomina:
2923 4342 3087 4401 inane,

636 4452 852 4487 vacuum
868 4472 882 4497 ‚
906 4436 1043 4486 locus
1071 4436 1166 4502 (res
1187 4438 1241 4485 in
1259 4452 1356 4501 quo
1375 4451 1598 4501 quaeque
1633 4438 1894 4503 geruntur)
1915 4475 1928 4497 ‚
1954 4438 2167 4502 spatium
2184 4476 2197 4500 ,
2231 4439 2446 4502 spatium
2478 4438 2625 4488 inane
2646 4474 2659 4498 ,
2693 4453 2907 4487 vacuum
2939 4436 3090 4485 inane

641 4531 752 4597 (ΙΙ,
805 4535 934 4591 236).
985 4532 1166 4581 Sextus
1210 4531 1492 4594 Empiricus
1539 4533 1682 4581 docet
1733 4532 2009 4596 Epicurum
2044 4535 2113 4583 sic
2146 4534 2435 4583 discrevisse
2470 4538 2527 4585 τὸ
2563 4533 2735 4591 κενὸν,
2772 4538 2864 4583 τὸν
2898 4534 3087 4591 τόπον,

639 4629 737 4688 τὴν
771 4629 968 4692 χώρανι
1005 4627 1246 4692 ,,ἔπειπερ
1282 4626 1314 4688 ὴ
1347 4628 1482 4687 αὑτὴ
1515 4627 1662 4692 φύσις
1695 4628 1877 4692 ἔρημος
1910 4631 2001 4691 μὲν
2034 4634 2372 4689 εατεστηευῖα
2416 4633 2620 4687 παντὸς
2641 4630 2898 4693 σώματος,
2940 4630 3089 4677 κενὸν

639 4722 1066 4788 προσαγορεύεται
1086 4760 1098 4783 ,
1149 4723 1315 4786 (Lucr.
1358 4738 1573 4773 vacuum
1613 4724 1744 4787 quod
1777 4722 1925 4773 inane
1958 4738 2191 4774 vocamus
2227 4724 2254 4774 I
2289 4726 2412 4784 439,
2466 4726 2560 4772 426
2606 4723 2745 4773 locus
2778 4738 2835 4771 ac
2871 4719 3088 4784 spatium
