3529 5359
1824 329 1945 392 184

661 527 824 592 mari
890 533 1102 614 potest
1162 529 1270 613 id,
1341 531 1509 616 quod
1569 531 1928 595 Numenius
1974 531 2342 596 Platonicus
2385 529 2800 617 philosophus
2844 529 2922 594 de
2946 513 3106 594 'uni-

662 644 864 708 versis
925 644 1260 730 Epicureis
1329 647 1615 732 scripsit:
1687 646 1921 732 ὑπῆρξέ
1964 677 2027 714 τε
2072 651 2133 713 ἐκ
2179 655 2290 714 τοῦ
2338 651 2431 713 ἐπὶ
2480 647 2783 713 πλεῖστον
2825 656 2962 726 τοῖς
3006 675 3108 730 με·

661 765 899 828 τέπειτα
960 764 1449 850 Ἐπικουρείοις,
1515 763 1655 849 μηδ’
1725 767 1942 846 αὐτοῖς
2004 770 2193 832 εἰπεῖν
2238 794 2338 831 πω
2386 769 2672 831 ἐναντίον
2716 763 2858 831 οὔτε
2902 764 3107 840 ἀλλή-

661 879 805 960 λοις
867 879 1007 946 οὔτε
1074 882 1426 968 Ἐπικούρῳ
1491 881 1683 964 μηδὲν
1743 887 1831 961 εἷς
1890 881 2112 966 μηδέν,
2187 887 2380 948 ὅτου
2452 887 2577 948 καὶ
2638 887 3105 966 μνησθῆναι

661 994 937 1071 ἄξιοντ
1007 997 1162 1064 ἀλλ’
1221 999 1388 1064 ἔστιν
1433 1001 1652 1075 αὐτοῖς
1699 1003 2116 1085 παρανόμημα
2140 1049 2159 1077 ,
2205 1000 2463 1084 μᾶλλον
2510 997 2573 1066 δὲ
2618 998 2941 1086 ἀσέβημα,
3008 1004 3105 1066 καὶ

666 1118 1088 1202 κατέγνωσται
1134 1118 1206 1181 τὸ
1253 1122 1700 1201 καινοτομηθέν
1739 1117 1801 1196 ¹).
1863 1118 2055 1182 Multi
2084 1119 2211 1181 iam
2244 1117 2366 1182 Viri
2400 1117 2569 1182 docti
2598 1117 3107 1202 investigarunt,

662 1232 890 1317 quibus
956 1233 1216 1298 tandem
1283 1235 1489 1300 causis
1533 1235 1773 1300 factum
1820 1235 1937 1318 sit,
2002 1241 2076 1300 ut
2124 1257 2344 1300 omnes
2388 1235 2691 1321 Epicurei
2736 1241 2917 1302 tanta
2962 1257 3106 1299 cum

661 1348 818 1416 fide„
853 1350 1230 1434 magistrum
1302 1352 1504 1415 secuti
1573 1352 1697 1415 sint
1767 1353 2029 1438 eiusque
2077 1353 2426 1418 doctrinam
2470 1353 2871 1419 immutatam
2917 1353 3107 1417 tradi·-

663 1463 894 1529 derint.
987 1466 1152 1530 Sunt
1212 1468 1322 1552 qui
1381 1473 1611 1552 putent
1657 1468 1723 1532 id
1768 1469 2005 1534 factum
2054 1492 2191 1534 esse
2237 1477 2497 1556 propter
2538 1471 2738 1556 ipsius
2781 1471 3109 1534 morientis

662 1582 925 1668 Epicuri
993 1590 1487 1668 testamentum,
1557 1608 1747 1672 quem
1816 1587 2033 1651 dicunt
2098 1597 2235 1665 τοῖς
2304 1589 2519 1674 φίλοις
2592 1589 3107 1674 παραγγείλαντα

662 1705 791 1766 τῶν
859 1698 1193 1787 δογμάτων
1254 1707 1637 1785 μεμνῆσθαι,
1706 1704 1870 1769 οὕτω
1936 1705 2291 1780 τελευτῆσαι
2320 1702 2388 1787 2).
2480 1703 2608 1768 Sed
2666 1705 2921 1770 difficile
2980 1725 3108 1768 non

663 1822 762 1881 est
826 1817 908 1882 ad
973 1818 1478 1903 intellegendum
1540 1820 1851 1884 eiusmodi
1918 1828 2329 1907 praeceptum
2374 1823 2615 1888 nullam
2658 1820 2896 1886 habere
2941 1823 3106 1906 vim,

661 1934 784 1999 nisi
854 1945 1102 1999 summa
1167 1937 1407 2021 pietate
1469 1938 1763 2023 discipuli
1819 1940 2015 2003 talem
2057 1939 2433 2023 magistrum
2476 1946 2884 2004 venerentur.
2972 1940 3108 2004 Alii

664 2072 816 2136 ergo
877 2052 945 2116 in
1000 2052 1119 2118 hac
1169 2074 1322 2138 erga
1366 2056 1742 2139 magistrum
1788 2057 2030 2142 pietate
2076 2078 2332 2122 causam
2378 2056 2701 2122 doctrinae
2746 2057 3109 2122 stabilitatis

661 2170 1064 2235 invenerunt.
1154 2171 1240 2235 Et
1306 2193 1558 2236 revera·
1601 2173 1795 2237 etiam
1861 2174 2197 2238 Lucretius
2265 2181 2480 2239 sancte
2547 2179 2872 2261 tamquam
2918 2173 3109 2238 deum

661 2295 1006 2354 veneratur
1071 2288 1468 2375 Epicurum:
1544 2313 1730 2372 „nam
1790 2291 1877 2374 si,
1945 2297 2017 2356 ut
2078 2292 2218 2376 ipsa
2283 2293 2445 2377 petit
2510 2293 2810 2357 maiestas
2853 2292 3111 2378 cognita

663 2428 878 2472 rerum
903 2457 920 2490 ,
969 2407 1307 2472 dicendum
1355 2414 1492 2492 est,
1550 2407 1704 2473 deus
1748 2410 1858 2473 ille
1904 2409 2056 2492 fuit,
2105 2410 2260 2473 deus
2284 2460 2300 2493 ,
2346 2411 2587 2495 inclyte
2630 2410 2929 2493 Memmi,
3000 2411 3109 2496 qui

661 2525 958 2611 princeps
1025 2526 1198 2590 vitae
1259 2527 1575 2590 rationem
1639 2527 1888 2591 invenit
1947 2547 2087 2592 eam
2106 2577 2122 2610 ,
2186 2549 2349 2613 quae
2394 2549 2562 2592 nunc
2609 2529 2969 2614 appellatur
3013 2551 3109 2592 sa-

661 2643 946 2730 pientia’'
980 2643 1069 2727 ³),
1141 2649 1206 2708 et
1273 2643 1382 2729 qui
1449 2643 1587 2729 ipse
1658 2643 1823 2707 dixit
1892 2645 2246 2731 sapientem
2291 2644 2508 2709 vivere
2554 2647 2644 2722 ὡς
2687 2645 2840 2712 θεὸν
2886 2649 2951 2712 ἐν
2997 2645 3109 2712 ἆν-

659 2762 945 2847 θρώποις
973 2761 1042 2844 4).
1090 2798 1172 2807 —-
1219 2760 1312 2825 At
1356 2760 1516 2825 haec
1561 2761 1769 2846 pietas
1815 2783 2031 2825 rursus
2078 2768 2174 2827 est
2218 2768 2645 2827 consentanea
2687 2763 2799 2828 alii
2843 2784 3107 2846 causae,

661 2899 825 2964 quae
889 2878 960 2940 in
1027 2878 1167 2963 ipsa
1227 2877 1516 2943 doctrina
1559 2878 1923 2963 quaerenda
1967 2885 2081 2943 est.
2171 2880 2516 2944 Doctrinae
2561 2880 2927 2945 stabilitatis
2970 2880 3111 2966 ipsa

661 2994 952 3059 doctrina
999 3000 1138 3059 erat
1184 3016 1378 3059 causa
1396 3044 1412 3077 ,
1460 3016 1622 3080 quae
1647 3044 1664 3078 ,
1712 3016 1858 3058 cum
1905 2996 2194 3059 sensibus
2238 2996 2387 3060 solis
2430 2996 2742 3061 tribueret
2770 2997 3109 3061 veritatem

661 3118 728 3178 et
774 3118 1139 3177 constanter
1181 3112 1304 3176 hoc
1349 3113 1733 3198 principium
1777 3118 2301 3199 persequeretur,
2361 3135 2674 3178 summam
2718 3113 3109 3179 evidentiam

658 3230 929 3317 peperit.
1019 3230 1336 3316 Epicurus
1403 3231 1680 3315 plurima
1745 3235 1810 3294 et
1876 3230 2249 3314 gravissima
2316 3231 2535 3295 debuit
2602 3232 2901 3316 dogmata
2965 3232 3109 3297 illu-

658 3348 965 3412 strissimo
1035 3347 1436 3433 antiquitatis
1504 3346 1770 3433 physico
1816 3347 2184 3411 Democrito
2214 3348 2261 3425 5)
2333 3354 2398 3411 et
2443 3347 2600 3413 haec
2645 3349 2916 3434 placita,
2986 3350 3108 3413 nisi

656 3472 915 3531 nostrae
983 3466 1215 3532 aetatis
1281 3466 1708 3529 instrumenta
1753 3470 1818 3529 et
1864 3465 2306 3550 experimenta
2350 3466 2582 3530 tacitus
2627 3472 2953 3553 tamquam
3000 3490 3108 3532 an-

656 3583 853 3669 tiquis
899 3583 1294 3669 temporibus
1338 3589 1492 3647 nota
1536 3604 1748 3647 sumas
1775 3632 1791 3665 ,
1840 3583 1947 3669 qui
1991 3588 2179 3668 putes
2221 3583 2486 3647 refutari
2528 3586 2763 3669 posse?
2851 3586 2931 3649 In
2976 3606 3107 3650 me-

655 3701 850 3765 teoris
895 3706 1150 3765 tantum
1196 3700 1594 3786 explicandis
1642 3700 1935 3785 discipuli
1980 3722 2017 3763 a
2058 3700 2363 3784 magistro
2407 3722 2536 3763 non
2581 3702 2967 3766 tenebantur
2992 3752 3008 3785 ,
3054 3703 3107 3766 si

652 3818 841 3881 modo
911 3816 1194 3881 divinam
1261 3824 1556 3881 naturam
1601 3816 1683 3880 ad
1727 3816 1885 3881 haec
1931 3837 2058 3879 non
2102 3816 2533 3880 admoverent.
2624 3817 2798 3901 Ergo
2842 3818 3107 3903 physica

658 3934 926 4020 Epicuri
971 3935 1207 3998 mutari
1253 3957 1291 3999 a
1339 3934 1664 4020 discipulis
1709 3954 1840 3997 non
1883 3938 2213 4018 poterant,
2274 3956 2422 3997 nam
2467 3935 2661 3998 etiam
2708 3956 2786 3999 ea
2813 3985 2829 4018 ,
2876 3936 3104 4022 quibus

719 4201 752 4262 ¹)
821 4199 1006 4249 Enseb.
1053 4215 1220 4263 praep.
1253 4199 1331 4249 ed.
1365 4199 1522 4261 XIV,
1574 4202 1603 4249 6
1619 4237 1633 4259 ,
1684 4199 1818 4263 apud
1851 4197 2028 4248 Hirzel
2046 4234 2063 4259 ,
2110 4198 2561 4265 Untersuchungen
2594 4216 2660 4250 zu
2694 4200 2910 4252 Cicero’s
2942 4202 3101 4267 philo-

649 4294 947 4358 sophi-when
981 4294 1264 4355 Solu-istan,
1297 4311 1348 4358 p.
1386 4298 1495 4344 100.

715 4389 764 4453 ²)
831 4389 896 4438 D.
929 4390 991 4439 L.
1025 4389 1079 4438 X
1095 4426 1110 4451 ‚
1148 4392 1226 4439 16.

713 4484 754 4547 ³)
823 4482 896 4545 V,
927 4500 1004 4533 vs.
1041 4484 1070 4535 7
1103 4498 1240 4548 seqq.

711 4579 756 4643 ⁴)
826 4578 891 4627 D.
925 4578 986 4628 L.
1021 4578 1103 4640 X,
1141 4581 1251 4627 136.

716 4673 754 4729 ³)
823 4672 900 4721 Cf.
936 4670 1115 4721 Hirzel
1146 4671 1181 4720 l.
1214 4671 1248 4720 1.
