3529 5359
1682 367 1803 430 167

517 568 867 654 „quaedam
934 577 1223 655 oportere
1293 590 1597 655 quaerere
1657 576 1723 634 et
1771 568 2035 633 definire
2084 567 2163 632 de
2209 567 2329 631 diis
2353 615 2370 650 ,
2438 565 2749 652 quaedam
2793 586 2945 630 vero

511 705 628 750 nec
673 707 978 772 quaerere
1023 709 1141 752 nec
1188 688 1489 752 definire”
1523 689 1587 771 ¹).

597 804 1011 891 Quamquam.
1064 806 1335 870 fatemur
1393 805 1460 868 in
1515 805 1780 891 Epicuri
1847 803 2132 868 doctriua
2201 803 2350 867 deos
2416 800 2670 864 omnino
2738 799 2946 863 omitti

514 920 804 986 debuisse
830 972 848 1006 ,
914 929 1128 988 tamen
1195 923 1536 988 Posidonio
1603 923 1815 987 Stoico
1883 904 2228 985 concedere
2288 939 2416 982 non
2476 937 2808 1003 possumus
2854 915 2945 978 di-

511 1040 681 1104 centi
711 1038 790 1122 2),
865 1041 1110 1122 „nullos
1176 1060 1314 1104 esse
1385 1041 1536 1104 deos
1597 1040 1875 1126 Epicuro
1944 1037 2189 1120 videri,
2258 1055 2545 1122 quaeque
2597 1034 2654 1099 is
2701 1033 2779 1098 de
2826 1032 2945 1097 diis

508 1157 970 1222 immortalibus
1037 1158 1310 1241 dixerit,
1379 1158 1657 1221 invidiae
1728 1155 2139 1221 detestandae
2184 1153 2390 1238 gratia
2435 1152 2733 1215 dixisse”.
2821 1143 2946 1214 Po-

508 1275 738 1338 sidonii
781 1282 1229 1359 argumentum
1273 1275 1454 1338 futile
1500 1295 1638 1338 esse
1683 1274 1869 1338 facile
1913 1274 1967 1336 is
2011 1271 2187 1336 videt
2214 1321 2230 1354 ,
2276 1271 2385 1357 qui
2428 1274 2685 1356 reputat
2713 1269 2945 1352 vulgus

508 1414 634 1456 non
702 1414 848 1457 eum
915 1394 1118 1457 solum
1163 1393 1358 1460 ἄθεον
1404 1393 1773 1457 existimare
1798 1442 1814 1475 ,
1856 1393 1994 1486 qui
2040 1392 2190 1455 deos
2236 1411 2415 1473 esse,
2482 1410 2707 1453 verum
2751 1388 2945 1452 etiam

511 1510 619 1595 qui
666 1529 774 1574 eos
820 1511 979 1574 tales
1009 1531 1146 1574 esse
1179 1516 1244 1574 et
1275 1532 1350 1574 eo
1380 1511 1566 1574 modo
1599 1511 1932 1592 colendos,
1981 1531 2105 1596 quo
2138 1509 2368 1594 vulgus
2401 1513 2690 1590 censeat,
2730 1512 2943 1591 neget.

507 1626 598 1690 At
643 1649 770 1690 non
815 1627 1018 1692 solum
1061 1628 1378 1713 Epicurus
1422 1651 1460 1693 a
1505 1628 1624 1692 diis
1668 1629 1871 1692 multa
1916 1627 2338 1711 abiudicavit,
2384 1647 2548 1712 quae
2592 1625 2822 1709 vulgus
2864 1623 2945 1686 iis

507 1742 865 1826 tribuebat,
911 1764 1134 1807 verum
1181 1745 1375 1809 etiam
1421 1745 1604 1809 aliter
1650 1745 1799 1808 deos
1845 1744 2140 1808 colendos
2186 1765 2324 1808 esse
2354 1743 2618 1826 statuit,
2664 1746 2945 1806 attamen

508 1881 574 1923 se
641 1881 794 1925 vera
852 1860 1092 1946 pietate
1145 1860 1486 1925 adductum
1533 1861 1682 1925 deos
1725 1861 1903 1926 adire
1950 1861 2235 1947 putabat.
2327 1858 2608 1946 Ἀσεβής
2632 1908 2647 1936 ,
2695 1859 2943 1946 inquit,

509 1978 635 2064 οὐχ
683 1982 718 2042 ὁ
765 1983 917 2054 τοὺς
961 1983 1089 2043 τῶν
1134 1976 1404 2042 πολλῶν
1451 1981 1638 2054 θεοὺς
1686 1981 1963 2064 ἀναιρῶν
1986 2027 2004 2055 ,
2062 1978 2212 2045 ἀλλ’
2259 1983 2295 2043 ὁ
2340 1978 2456 2053 τὰς
2499 1981 2627 2042 τῶν
2672 1975 2945 2042 πολλῶν

507 2091 704 2170 δόξας
749 2100 923 2172 θεοῖς
967 2096 1356 2180 προσάπτων
1391 2117 1404 2130 ·
1451 2096 1527 2159 οὗ
1574 2097 1699 2182 γὰρ
1746 2099 2101 2182 προλήψεις
2148 2099 2303 2161 εἰσίν
2330 2143 2347 2172 ,
2401 2093 2549 2160 ἀλλ’
2593 2092 2945 2178 ὑπολήψεις

505 2208 754 2296 ψευδεῖς
821 2215 884 2277 αἱ
942 2216 1070 2277 τῶν
1121 2211 1392 2277 πολλῶν
1430 2215 1592 2296 ,ὑπὲρ
1639 2216 1807 2277 θεῶν
1853 2214 2204 2297 ἀποφάσεις
2234 2213 2299 2294 ³).
2390 2210 2517 2285 Qui
2562 2205 2778 2274 autem
2822 2209 2943 2274 hoo

507 2329 760 2414 scripsit
827 2349 978 2394 sane
1044 2329 1224 2413 vulgi
1291 2329 1598 2393 iudicium
1665 2351 1793 2394 non
1859 2330 2108 2394 metuit.
2178 2367 2260 2376 ——
2320 2329 2567 2394 Eodem
2632 2328 2944 2414 principio

507 2444 732 2510 ductus
798 2446 1138 2511 Lucretius
1198 2468 1420 2511 verum
1489 2447 1732 2511 cultum
1802 2448 2063 2512 deorum
2129 2447 2308 2532 vulgi
2376 2447 2569 2510 sacris
2636 2445 2939 2531 opponit:

513 2564 754 2648 „pietas
815 2564 1092 2648 (n)ullast
1160 2565 1441 2629 velatum
1502 2586 1692 2650 saepe
1759 2566 1966 2630 videri
2024 2565 2261 2630 vertier
2302 2565 2385 2629 ad
2426 2564 2707 2650 lapidem
2751 2568 2942 2649 atque

506 2682 708 2747 omnis
753 2682 1056 2747 accedere
1103 2683 1184 2747 ad
1228 2705 1368 2747 aras
1411 2704 1530 2747 nec
1576 2684 1993 2768 procumbere
2038 2681 2216 2746 humi
2262 2689 2649 2769 prostratum
2693 2688 2757 2746 et
2787 2704 2941 2768 pan-

507 2799 654 2863 dere
721 2800 966 2885 palmas
1011 2806 1160 2865 ante
1209 2801 1397 2864 deum
1445 2801 1748 2883 delubra,
1817 2821 1936 2864 nec
1981 2822 2123 2865 aras
2169 2802 2477 2885 sanguine
2521 2801 2723 2865 multo
2769 2822 2940 2885 spar-

503 2937 653 3000 gere
721 2916 1236 3003 quadrupedum,
1305 2938 1423 2981 nec
1489 2918 1655 2981 votis
1721 2923 1978 2981 nectere
2037 2922 2191 2982 vota
2214 2966 2231 2999 ,
2292 2918 2401 2981 sed
2466 2938 2645 3003 maye
2698 2924 2941 3001 pacata

497 3056 679 3118 posse
737 3037 948 3099 omnia
991 3042 1188 3100 mente
1235 3037 1436 3099 tueri”
1471 3034 1540 3113 4).
1630 3035 1919 3099 Delubra
1965 3034 2155 3099 deum
2198 3034 2448 3119 placido
2496 3056 2639 3099 cum
2683 3039 2941 3119 pectore

503 3158 648 3215 sunt
715 3152 1042 3236 adeunda,
1119 3153 1350 3235 „animi
1417 3154 1758 3240 tranquilla
1810 3157 2008 3238 pace'’
2060 3151 2323 3215 deorum
2368 3152 2704 3216 simulacra
2749 3151 2941 3215 susci-

502 3290 653 3353 pere
700 3269 1002 3334 debemus
1035 3270 1106 3354 5).
1197 3270 1360 3335 Cum
1403 3272 1582 3355 vulgi
1626 3271 1853 3355 religio
1899 3271 1980 3334 ad
2023 3270 2267 3355 flagitia
2311 3275 2376 3334 et
2418 3270 2696 3334 facinora
2739 3268 2941 3333 homi-

501 3406 614 3449 nes
659 3388 975 3472 propellat
1005 3390 1088 3470 ⁰),
1155 3407 1310 3451 vera
1355 3387 1619 3451 deorum
1665 3386 1944 3471 cognitio
1988 3408 2103 3450 nos
2150 3386 2335 3450 docet
2378 3388 2454 3452 τὰ
2502 3396 2782 3475 στοιχεῖα
2828 3392 2943 3452 τοῦ

501 3502 711 3581 καλῶς
786 3503 903 3580 ζῆν
933 3503 1008 3586 ⁷),
1085 3525 1228 3567 cum
1303 3499 1628 3590 tranquilli
1703 3504 1966 3567 deorum
2034 3503 2466 3568 venerandam
2539 3503 2939 3567 maiestatem

501 3622 1002 3707 contemplemur
1047 3628 1112 3685 et
1156 3622 1296 3707 ipsa
1340 3630 1570 3686 natura
1617 3621 1735 3685 diis
1768 3642 1999 3707 expers
2032 3622 2244 3686 omnia
2281 3620 2679 3707 suppeditet,
2714 3622 2941 3707 quibus

501 3735 580 3799 ad
640 3736 871 3801 bonam
930 3738 1128 3801 vitam
1172 3737 1355 3801 nobis
1401 3759 1559 3823 opus
1605 3743 1720 3801 est.
1817 3736 2145 3823 „Apparet
2189 3737 2407 3802 divum
2449 3759 2687 3803 numen
2731 3738 2940 3802 sedes-

561 4044 598 4105 l)
665 4044 937 4096 Philodem.
1005 4044 1083 4093 De
1115 4045 1316 4094 deorum
1349 4043 1553 4095 vivendi
1583 4041 1773 4093 ratione
1790 4079 1805 4104 ,
1849 4058 1937 4107 per
1968 4042 2273 4093 coniecturas
2302 4042 2603 4107 investigata
2619 4078 2635 4105 ,
2668 4044 2938 4093 secundum

494 4137 705 4188 Zenonis
735 4137 933 4202 placita.
999 4137 1198 4188 Volum.
1233 4137 1502 4188 Herculan.
1538 4138 1678 4188 Tom.
1711 4137 1789 4188 VI
1808 4174 1823 4198 ,
1860 4136 1964 4188 001.
2006 4142 2079 4187 14.

561 4234 606 4299 ²)
671 4233 776 4284 cio.
812 4234 872 4283 de
905 4238 1007 4284 nat.
1043 4234 1173 4284 deor.
1210 4233 1271 4295 Ι,
1309 4236 1404 4295 44,
1443 4236 1551 4283 123.

560 4328 601 4391 ³)
669 4328 735 4379 D.
771 4330 830 4380 L.
864 4328 945 4390 X,
982 4331 1106 4390 123,
1144 4330 1252 4377 124.

457 4468 460 4471 .
560 4423 602 4487 ⁴)
666 4423 745 4486 V,
784 4426 908 4473 1198
941 4439 1077 4489 seqq.

559 4518 602 4582 ⁶)
665 4518 743 4571 VI
758 4556 774 4580 ,
810 4518 872 4572 75
903 4534 1038 4584 seqq.

558 4612 598 4675 Β)
664 4614 693 4664 Ι
709 4650 723 4676 ,
761 4616 824 4663 82
841 4651 856 4675 ,
889 4612 1010 4676 „illa
1041 4613 1215 4679 religio
1245 4614 1438 4679 peperit
1469 4614 1707 4666 scelerosa
1736 4618 1887 4681 atque
1918 4613 2072 4679 impia
2102 4614 2286 4666 faota”.

560 4707 602 4772 7)
672 4708 734 4758 D.
769 4709 828 4759 L.
862 4708 946 4769 x,
984 4712 1091 4759 123.
