3529 5359
2342 155 2394 162 0——

2080 175 2303 252 ‘axaf-S?
2368 177 2682 252 ἱ.Τ“’;,Ι“ἷχ-χχ

1966 241 1989 271 s
2287 251 2305 280 c
2326 252 2339 280 ι
2362 251 2408 282 τι
2432 261 2443 278 ‚r
2602 241 2629 263 2‘
2685 241 2693 250 ”

2396 313 2405 320 ·
2498 354 2508 366 Ι
2538 356 2543 364 ι

1958 329 2325 476 &CA-u
2432 361 2753 510 &gd

500 535 707 594 terrae
781 530 1060 614 incidat,
1143 552 1310 617 quae
1393 533 1560 596 inter
1642 538 1981 619 utrumque
2062 532 2234 596 sidus
2295 532 2520 614 (solem
2580 536 2656 596 et‘
2710 531 2955 615 lunam)

503 666 569 710 se
637 647 1042 712 collocaverit
1106 649 1211 712 vel
1268 649 1482 733 potius
1546 650 1737 714 lunae
1786 650 1998 714 obstet
2044 651 2397 736 (tamquam
2440 649 2955 733 integumentum

505 769 570 826 et
642 764 1038 828 obstaculum
1113 772 1209 829 est
1270 771 1441 831 terra
1512 767 1702 831 lunae
1723 816 1739 848 ,
1812 787 1973 853 quae
2054 767 2263 831 lucem
2316 788 2355 830 a
2402 766 2532 830 sole
2578 765 2952 850 intercipit).

503 881 738 945 Procul
827 881 1016 946 dubio
1101 882 1179 946 de
1269 883 1419 946 solis
1505 883 1759 948 defectu
1836 884 2109 948 similem
2185 883 2498 947 docebant
2580 882 2949 946 doctrinam.

505 999 840 1064 Lucretius
907 1005 1124 1064 autem
1190 1006 1408 1085 putat,
1480 1008 1907 1084 congruenter
1973 1023 2117 1066 cum
2181 999 2459 1064 secunda
2513 1000 2704 1064 lunae
2749 1004 2953 1063 muta-

504 1115 748 1179 tionum
793 1116 1262 1202 explicatione,
1323 1115 1485 1181 nihil
1529 1117 1861 1202 impedire,
1909 1118 2248 1204 quominus
2291 1138 2405 1202 pro
2452 1122 2625 1181 terra
2668 1122 2780 1180 aut
2801 1117 2956 1180 luna

504 1233 677 1296 aliud
722 1255 948 1319 corpus
993 1235 1328 1298 obscurum
1374 1235 1542 1299 inter
1585 1236 1805 1299 lunam
1859 1241 1924 1299 et
1970 1235 2169 1299 solem
2214 1240 2325 1299 aut
2373 1240 2611 1298 terram
2656 1239 2722 1298 et
2753 1234 2953 1297 solem

507 1370 573 1413 se
643 1351 864 1414 sistere
939 1352 1212 1438 solisque
1287 1353 1505 1416 lumen
1578 1352 1961 1438 intercipere
2040 1357 2416 1415 statuamus.
2508 1350 2615 1414 Ex
2688 1350 2955 1436 Epicuri

506 1472 718 1530 mente
789 1489 934 1532 eum
993 1469 1354 1532 ratiocinari
1422 1469 1641 1533 videre
1685 1470 1837 1533 licet
1884 1491 1967 1533 ex
2012 1467 2203 1532 huius
2249 1467 2519 1554 epistola
2586 1466 2667 1530 ad
2711 1466 2953 1554 Pytho-

508 1585 709 1647 clem:
789 1585 1059 1671 ἔκλειψις
1139 1588 1325 1663 ἡλίου
1395 1593 1491 1652 καὶ
1582 1589 1857 1664 σελήνης
1945 1584 2199 1652 δύναται
2292 1591 2406 1667 μὲν
2484 1589 2772 1672 γίνεσθαι
2856 1589 2953 1650 καὶ

509 1704 656 1768 κατὰ
725 1701 986 1788 σβέσιν,
1058 1706 1335 1790 καθάπερ
1407 1710 1500 1770 καὶ
1563 1705 1708 1789 παρ’
1756 1707 1903 1784 ἡμῖν
1948 1711 2137 1768 τοῦτο
2184 1706 2502 1787 θεωρεῖται
2564 1703 2902 1788 γινόμενον
2935 1722 2951 1738 ·

509 1826 602 1885 καὶ
674 1818 750 1898 δὴ
817 1826 911 1886 καὶ
983 1822 1109 1887 κατ’
1163 1824 1622 1906 ἐπιπρόσθησιν
1689 1822 1915 1887 ἄλλων
1982 1825 2207 1900 τινῶν,
2290 1819 2329 1896 ἢ
2388 1831 2509 1907 γῆς
2577 1821 2614 1897 ἢ
2676 1821 2953 1906 οὐρανοῦ

509 1937 546 2013 ἥ
606 1965 780 2012 τινος
843 1941 1050 2024 ἑτέρου
1095 1943 1382 2004 τοιούτου
1417 1985 1431 2002 .
1497 1943 1591 2004 καὶ
1642 1936 1758 2004 ὧδε
1803 1942 1953 2018 τοὺς
1999 1941 2265 2014 οἰκείους
2314 1937 2633 2014 ἀλλήλοις
2677 1940 2956 2024 τρόπους

511 2059 976 2143 συνθεωρητέον
1036 2062 1132 2122 καὶ
1201 2057 1316 2132 τὰς
1383 2056 1506 2137 ἅμα
1575 2059 1991 2142 συγκυρήσεις
2058 2060 2248 2120 τινῶν
2312 2058 2406 2120 ὅτι
2482 2057 2596 2120 οὐκ
2642 2053 2956 2121 ἀδύνατον

509 2175 818 2256 γίνεσθαι.
908 2173 1041 2254 (Ἐν
1114 2170 1175 2238 δὲ
1248 2178 1326 2259 τῇ
1400 2169 1749 2258 δυωδεκάτῃ
1824 2177 1961 2256 περὶ
2034 2174 2283 2256 φύσεως
2352 2176 2543 2236 ταῦτα
2602 2170 2799 2257 λέγει,
2858 2176 2956 2236 καὶ

509 2290 620 2353 τὸν
695 2289 880 2365 ἥλιον
947 2289 1245 2355 ἐκλείπειν
1319 2289 1589 2366 σελήνης
1667 2291 2164 2367 ἐπισκοτοῦσης,
2234 2287 2511 2366 σελήνην
2582 2285 2644 2353 δὲ
2691 2295 2802 2352 τοῦ
2843 2297 2955 2364 τῆς

511 2415 630 2489 γῆς
675 2406 1057 2488 σκιάσματος
1092 2427 1106 2442 ·
1167 2404 1339 2469 ἀλλὰ
1411 2410 1504 2470 καὶ
1570 2405 1698 2470 κατ’
1759 2406 2168 2490 ἀναχώρησιν
2204 2410 2267 2482 ¹).
2365 2403 2544 2478 Quae
2594 2403 2791 2467 verba
2836 2402 2957 2465 etsi

514 2542 737 2605 parum
798 2527 947 2585 sunt
987 2521 1365 2607 perspicua,
1426 2521 1546 2585 hoc
1592 2527 1807 2585 tamen
1852 2521 2035 2585 nobis
2081 2520 2458 2598 ostendunt,
2528 2519 2811 2585 Lucretii
2858 2541 2953 2584 se-

515 2638 784 2704 cundam
845 2640 1336 2725 explicationem
1364 2689 1380 2722 ,
1442 2659 1604 2725 quae
1670 2638 1845 2703 hisce
1893 2639 2180 2703 versibus
2225 2638 2543 2704 Heracliti
2591 2638 2955 2725 opinionem

513 2758 855 2843 exprimit:
932 2758 1187 2844 „solque
1255 2780 1402 2821 suos
1462 2758 1656 2821 etiam
1701 2757 2023 2821 dimittere
2068 2756 2409 2841 languidus
2454 2757 2622 2841 ignis
2667 2763 2955 2841 tempore

513 2895 621 2937 cur
666 2881 838 2939 certo
882 2881 1200 2961 nequeat,
1254 2895 1671 2961 recreareque
1716 2876 1978 2958 lumen,
2026 2895 2173 2939 cum
2215 2875 2359 2939 loca
2402 2873 2735 2959 praeteriit
2781 2875 2955 2939 flam-

511 2992 629 3056 mis
689 2993 922 3057 infesta
976 3014 1093 3079 per
1142 3015 1373 3076 aurae,
1445 3013 1608 3078 quae
1653 2993 1897 3057 faciunt
1941 2992 2109 3077 ignis
2153 2992 2565 3077 interstingui
2609 2997 2799 3079 atque
2845 3012 2953 3077 pe-

512 3110 675 3175 rire'’
701 3113 732 3175 Ρ
800 3148 880 3157 ·-
951 3112 1291 3176 convenire
1338 3133 1484 3175 cum
1531 3110 1796 3196 Epicuri
1840 3111 2044 3196 prima
2089 3111 2353 3175 ratione.
2406 3148 2487 3156 —-
2534 3108 2951 3195 Philosophi,

513 3250 666 3313 quos
707 3251 898 3314 supra
926 3229 1436 3311 nominavimuS,
1486 3229 1674 3293 Plato
1695 3278 1711 3311 ,
1757 3229 2177 3311 AristoteleS,
2226 3228 2465 3310 Stoici,
2511 3226 2953 3292 Mathematici

513 3348 862 3431 συμφώνως
907 3347 1220 3432 putabant
1263 3348 1522 3429 lunam,
1571 3346 1760 3409 simul
1807 3367 1951 3409 cum
1996 3346 2127 3410 sole
2159 3350 2519 3409 currentem
2544 3394 2561 3427 ,
2608 3365 2682 3409 ac
2714 3345 2953 3409 circum

512 3461 922 3542 illustratam,
966 3469 1324 3527 menstruas
1369 3464 1825 3527 occultationes
1854 3463 2101 3527 efficere
2120 3460 2210 3544 ²),
2258 3462 2495 3548 quippe
2526 3482 2671 3525 cum
2702 3482 2951 3547 quoque

512 3600 727 3643 mense
775 3586 944 3645 terra
986 3582 1154 3645 inter
1199 3582 1397 3645 solem
1429 3588 1492 3644 et
1526 3582 1744 3645 lunam
1776 3602 1843 3645 se
1875 3582 2177 3665 collocet,
2224 3601 2433 3666 neque
2465 3586 2683 3644 tamen
2711 3580 2834 3662 ita,
2879 3586 2953 3645 ut

513 3696 578 3759 in
645 3719 774 3761 una
837 3704 1011 3762 recta
1069 3700 1240 3763 linea
1304 3699 1463 3763 haec
1522 3700 1646 3763 tria
1700 3700 1846 3762 sint.
1936 3700 2105 3763 Nam
2149 3720 2278 3762 non
2324 3718 2575 3784 quoque
2620 3718 2837 3761 mense
2880 3698 2952 3762 fit

513 3816 656 3879 solis
702 3816 1016 3901 lunaeque
1064 3816 1380 3900 defectuS,
1453 3838 1596 3880 cum
1645 3818 1788 3899 via,
1859 3838 2049 3902 quam
2095 3817 2249 3881 luna
2291 3816 2648 3903 percurrit,
2696 3815 2951 3901 oblique

578 4099 614 4161 ¹)
705 4098 768 4147 D.
826 4098 881 4149 L.
939 4098 1004 4147 X.
1062 4100 1122 4146 96
1141 4133 1156 4157 ‚
1213 4097 1290 4149 97.
1384 4098 1565 4147 Fateor
1612 4113 1690 4147 me
1722 4113 1824 4147 non
1856 4096 2143 4161 intellegere
2192 4096 2315 4161 quid
2364 4095 2613 4160 significet
2660 4094 2789 4145 illud
2840 4095 2952 4147 κατ’

513 4196 884 4258 ἐπιπρόσθησιν
933 4194 1088 4257 (codd.
1135 4192 1264 4256 plur.
1314 4193 1763 4259 ἐπιπροσθέτησιν)
1824 4196 1913 4243 τοῦ
1969 4193 2205 4257 οὐρανοῦ.
2283 4190 2561 4256 Ἐκλείψεις
2608 4189 2790 4252 ἡλίου
2846 4193 2953 4242 καὶ

513 4306 542 4337 a
558 4287 663 4348 ελή
679 4307 790 4348 νης
835 4287 1015 4336 debent
1067 4284 1334 4350 explican‘:
1382 4302 1471 4348 pro
1512 4287 1735 4350 οὐρανοῦ
1772 4290 2025 4350 exspectes
2060 4288 2281 4349 σελήνης
2297 4321 2311 4349 ,
2370 4291 2502 4336 terra
2548 4286 2723 4349 (terrae
2758 4284 2949 4346 umbra)

513 4388 600 4433 aut
641 4383 762 4433 luna
804 4381 1019 4433 obicitur
1069 4381 1177 4432 soli.

573 4478 616 4545 ²)
686 4478 820 4529 Plut.
853 4477 980 4541 plac.
1017 4476 1104 4538 II,
1140 4479 1234 4525 29:
1274 4478 1528 4538 Πλάτων,
1573 4476 1961 4541 Ἀριστοτέλης,
1996 4478 2043 4526 οὶ
2076 4478 2321 4537 Στωϊκοὶ,
2356 4476 2403 4527 οἱ
2436 4477 2797 4541 Μαθηματικοί
2828 4494 2951 4540 συμ·

510 4575 686 4640 φώνως
732 4576 822 4633 τὰς
868 4576 958 4637 μὲν
1006 4570 1274 4639 μηνιαίους
1317 4570 1662 4637 ἀποκρύψεις,
1715 4570 2090 4623 συνοδεύουσαν
2123 4572 2289 4633 αὐτὴν
2322 4571 2479 4636 ἡλίῳ,
2514 4574 2599 4623 καὶ
2632 4574 2949 4637 περιλαμπο-

513 4669 668 4733 μένην
700 4672 990 4731 ποιεῖσθαι,
1026 4672 1118 4727 τὰς
1152 4668 1201 4717 δὲ
1235 4667 1508 4731 ἐκλείψεις,
1543 4687 1586 4717 ιε.
1625 4687 1654 4716 τ
1708 4666 1743 4716 ἑ.
