3529 5359
1546 361 1664 422 149

382 583 461 626 60
530 562 780 647 cogitur
844 567 918 628 ut
983 562 1052 626 in
1117 562 1236 627 hac
1301 567 1484 648 parte
1554 561 1631 626 de
1701 561 1979 626 nubibus
2040 567 2189 644 agat
2250 563 2370 646 (vs.
2424 563 2833 646 loo—107),

381 700 768 765 quamquam
825 686 1047 764 postea
1072 729 1088 762 ,
1156 701 1248 747 vs.
1302 682 1420 744 451
1473 701 1645 765 seqq.
1667 729 1683 761 ,
1729 679 1989 742 uberius
2039 678 2389 744 doctrinam
2435 678 2513 743 d'e
2559 679 2835 743 nubibus

382 798 672 882 exponit.
766 797 972 861 Causa
1031 795 1220 859 huius
1281 795 1520 859 ordinis
1565 796 1935 860 mutationis
1980 796 2338 860 accuratius
2383 816 2519 861 rem
2563 816 2835 881 perpen-

383 911 566 976 denti
630 933 757 976 non
823 912 1066 978 latebit.
1158 912 1320 976 Cum
1392 911 1564 974 enim
1631 911 1915 975 tonitrua
1976 916 2041 974 et
2100 911 2369 975 fulmina
2412 911 2581 975 inter
2623 913 2839 976 omnia

383 1028 699 1094 eiusmodi
759 1027 1201 1114 phaenomena
1269 1029 1613 1114 praecipue
1659 1028 1991 1092 hominum
2038 1029 2281 1092 animos
2325 1028 2659 1094 formidine
2705 1029 2836 1093 affi-

382 1145 558 1208 ciant
625 1151 690 1209 et
757 1145 1115 1230 periculosa
1181 1145 1260 1207 iis
1321 1145 1480 1226 sint,
1545 1149 1610 1208 et
1675 1143 1841 1209 hanc
1910 1144 1990 1208 ob
2046 1165 2305 1217 causam
2358 1144 2669 1231 imprimis
2715 1145 2835 1209 diis

382 1263 570 1328 iratis
636 1263 1039 1345 tribuantur,
1108 1267 1336 1348 poetae
1408 1263 1613 1325 visum
1681 1267 1779 1325 est
1848 1281 1925 1324 ea
1992 1266 2141 1325 ante
2200 1261 2411 1326 omnia
2456 1262 2837 1346 explicanda

383 1401 526 1444 esse
552 1429 569 1463 ,
614 1385 689 1444 ut
736 1379 907 1444 hunc
953 1381 1248 1443 timorem
1293 1379 1667 1464 expelleret.
1758 1379 1858 1443 Ea
1902 1378 2345 1465 phaenomena
2390 1379 2625 1462 etiam,
2672 1401 2835 1465 quae

381 1497 598 1560 minus
663 1502 814 1582 apta
879 1501 1027 1559 sunt
1093 1495 1175 1559 ad
1238 1501 1482 1559 metum
1529 1495 1931 1559 efficiendum
1956 1545 1972 1578 ,
2040 1496 2275 1560 tacitus
2319 1495 2451 1560 fere
2497 1497 2835 1581 praeterit,

383 1615 508 1678 etsi
576 1614 894 1699 Epicurus
963 1634 1180 1677 eorum
1239 1614 1517 1677 rationes
1564 1614 1863 1698 exposuit
1906 1614 1973 1677 in
2018 1613 2289 1699 epistola
2334 1613 2416 1677 ad
2458 1613 2837 1700 Pythoclem

384 1753 640 1818 paragr.
714 1733 1072 1795 106—111.
1169 1730 1438 1811 „Cetera
1484 1751 1645 1816 quae
1693 1751 1880 1794 cursu
1926 1736 2218 1794 crescunt
2263 1752 2577 1816 cursuque
2623 1752 2838 1807 crean-

385 1853 494 1912 tur
519 1898 535 1931 ,
607 1853 672 1912 et
738 1868 902 1934 quae
969 1851 1381 1910 concrescunt
1439 1845 1508 1908 in
1551 1846 1831 1910 nubibus
1855 1895 1871 1928 ,
1933 1847 2184 1929 omnia,
2244 1868 2536 1932 prorsum
2582 1848 2835 1931 omnia,

384 1966 503 2029 nix
524 2016 541 2049 ,
607 1966 822 2048 venti,
891 1965 1174 2048 grandO,
1243 1963 1622 2050 gelidaeque
1692 1963 2003 2048 pruinae,
2076 1969 2141 2028 et
2208 1964 2306 2028 vis
2370 1985 2603 2049 magna
2662 1966 2835 2050 geli,

381 2105 692 2169 magnum
737 2083 1043 2146 duramen
1089 2103 1437 2167 aquarum,
1485 2087 1550 2144 et
1595 2103 1782 2144 mora
1824 2101 1986 2167 quae
2032 2081 2262 2145 fluvios
2292 2082 2529 2168 passim
2560 2083 2839 2147 refrenat

385 2201 632 2284 euntiS,
697 2199 1059 2285 perfacilest
1097 2204 1341 2266 ,tamen
1407 2197 1566 2262 haec
1632 2199 1913 2283 reperire
1974 2199 2311 2285 animoque
2357 2199 2575 2263 videre
2622 2193 2837 2265 omnia

386 2339 513 2404 quo
559 2323 749 2403 pacto
793 2317 951 2380 fiant
995 2338 1120 2402 qua
1163 2336 1314 2379 reve
1361 2321 1656 2379 creentur
1679 2364 1696 2394 ,
1763 2337 1910 2380 cum
1954 2316 2119 2379 bene
2166 2316 2458 2400 cognoris
2503 2317 2836 2381 elementis

384 2435 638 2500 reddita
697 2455 860 2520 quae
925 2434 1092 2498 sint”
1137 2432 1198 2516 ¹).
1293 2433 1574 2519 Quisque
1642 2433 1819 2496 videt
1886 2439 2142 2519 poetam
2188 2433 2349 2497 haec
2395 2433 2838 2519 phaenomena

385 2553 774 2638 praeterire,
821 2573 953 2616 non
982 2551 1150 2639 quod
1204 2557 1334 2615 tam
1389 2551 1599 2615 facilia
1642 2551 1770 2614 sint
1798 2551 1881 2615 ad
1911 2551 2395 2636 explicandum:
2433 2573 2583 2615 nam
2617 2552 2836 2618 dubito

387 2694 544 2735 num
575 2670 686 2757 qui
719 2669 882 2735 bene
907 2668 1276 2754 cognoverit
1305 2669 1676 2750 „elementis
1698 2663 1951 2732 reddita
1973 2690 2135 2753 quae
2159 2668 2347 2752 sint”,
2380 2668 2446 2732 id
2470 2674 2567 2733 est
2592 2669 2700 2756 qui
2725 2691 2835 2733 ex-

388 2787 664 2873 positam
731 2787 1083 2851 doctrinam
1153 2786 1231 2849 de
1294 2786 1522 2850 atomis
1565 2786 2008 2872 perspexerit,
2080 2806 2155 2850 eo
2200 2786 2329 2850 iam
2375 2787 2588 2851 omnia
2631 2786 2835 2871 haec,

391 2903 653 2987 nivem,
727 2903 1098 2987 grandinem
1125 2952 1142 2985 ,
1187 2908 1445 2985 ventOS,
1493 2907 1641 2967 cett.
1703 2903 2027 2988 explicare
2086 2903 2329 2988 possit3
2374 2903 2487 2968 sed
2545 2904 2697 2990 quia
2754 2905 2837 2969 ad

389 3020 582 3085 finem
607 3070 623 3103 ,
671 3042 859 3107 quem
891 3026 1084 3105 poeta
1113 3019 1233 3083 sibi
1261 3020 1728 3106 assequendum
1758 3020 2123 3106 proposuit,
2168 3021 2380 3084 minus
2411 3020 2633 3105 gravia
2666 3028 2833 3085 sunt.

476 3139 572 3202 Eo
635 3138 842 3222 magis
899 3144 1116 3202 autem
1175 3138 1480 3201 miramur
1545 3143 1800 3223 poetam
1863 3158 1943 3201 ne
1990 3138 2258 3202 verbum
2304 3138 2557 3225 quidem
2607 3139 2835 3204 fecisse

389 3255 468 3319 de
515 3255 820 3337 cometiS,
880 3254 958 3317 de
1003 3253 1232 3339 quibus
1276 3253 1593 3337 Epicurus
1638 3253 1773 3337 agit
1818 3254 1885 3317 111
1926 3276 2178 3339 paragr.
2231 3257 2345 3318 111
2400 3255 2709 3340 epistolae
2754 3256 2837 3320 ad

388 3372 773 3458 Pythoclem
799 3421 816 3454 ,
877 3393 1023 3435 cum
1085 3370 1256 3435 omni
1303 3377 1589 3456 tempore
1635 3369 1794 3436 haec
1840 3372 2141 3438 caelestia
2186 3393 2449 3458 corpora
2492 3374 2835 3459 praecipue

390 3490 793 3575 superstiosis
851 3488 1088 3553 fuerint
1130 3488 1510 3573 praenuntia
1555 3487 2033 3553 calamitatum:
2082 3487 2194 3551 sed
2238 3509 2397 3573 opus
2440 3509 2568 3551 non
2628 3494 2723 3552 est
2754 3490 2836 3553 ad

389 3627 672 3691 unguem
715 3606 952 3670 factum
978 3655 994 3688 ,
1061 3626 1179 3668 nec
1223 3605 1451 3668 ultima
1492 3625 1719 3668 manus
1763 3604 1913 3669 huic
1958 3605 2119 3669 libro
2166 3605 2463 3689 accessit,
2510 3605 2679 3691 quod
2724 3628 2835 3692 ap-

389 3730 573 3809 paret
633 3744 669 3787 e
726 3744 816 3787 vs.
890 3724 1268 3805 608—639,
1335 3722 1445 3785 ubi
1511 3727 1702 3807 poeta
1770 3723 2094 3808 explicat,
2163 3725 2275 3809 qui
2339 3724 2451 3787 fiat
2494 3728 2567 3786 ut
2610 3745 2785 3788 mare
2816 3774 2833 3809 ,

391 3862 537 3905 cum
606 3846 820 3905 tantus
887 3840 1188 3905 decursus
1253 3860 1560 3926 aquarum
1607 3860 1682 3903 60
1731 3840 2003 3924 defluat,
2065 3862 2193 3905 non
2236 3842 2443 3905 maius
2487 3841 2833 3907 reddatur:

391 3958 461 4022 hi
506 3979 726 4023 versus
771 3979 896 4044 quo
942 3978 1111 4021 nunc
1157 3962 1304 4020 sunt
1349 3957 1486 4019 loco
1513 4005 1530 4038 ,
1576 3978 1819 4021 nexum
1862 3956 2337 4043 interrumpunt
2380 3980 2589 4045 neque
2620 3965 2837 4024 tamen

389 4076 678 4141 invenies
721 4096 846 4161 quo
889 4075 1102 4161 aptius
1147 4074 1368 4138 referri
1413 4051 1674 4160 possint.
1767 4073 1941 4158 Ergo
1986 4075 2159 4139 haud
2203 4077 2340 4140 veri
2386 4082 2482 4141 est
2529 4076 2835 4143 dissimile

393 4192 460 4255 in
502 4192 622 4257 hoc
667 4193 827 4256 libro
875 4192 951 4256 de
999 4192 1261 4255 cometis
1307 4191 1504 4256 verba
1546 4211 1674 4254 non
1717 4190 1857 4254 fieri
1904 4192 2073 4277 quod
2118 4198 2229 4257 aut
2273 4199 2465 4279 poeta
2511 4216 2670 4281 opus
2708 4217 2834 4260 non

393 4309 853 4391 elaboraverit,
900 4314 1010 4374 aut
1053 4308 1214 4373 haec
1257 4330 1405 4394 pars
1449 4308 1786 4372 interierit.

480 4427 778 4492 Ceterum
811 4431 1011 4490 totam
1041 4425 1205 4490 hanc
1237 4426 1586 4491 doctrinam
1621 4425 1698 4489 de
1731 4425 1991 4507 tonitru,
2025 4425 2293 4491 fulmine
2327 4433 2476 4493 cett.
2510 4428 2836 4516 explicare

461 4691 498 4754 ¹)
566 4689 653 4740 Vs.
690 4689 928 4742 527—34.
