3529 5359
1796 361 1875 426 78

607 566 780 649 πρὸς
824 567 1026 645 ἡμᾶς,
1073 565 1279 640 οὕτως
1325 562 1469 631 οὐδὲ
1515 566 1589 629 τὰ
1621 565 1757 646 μεθ’
1789 567 1952 646 ἡμᾶς
2000 547 2185 630 οὐδὲν
2216 565 2384 630 ἔσται
2407 565 2574 650 πρὸς
2605 567 2769 647 ἡμᾶς
2787 563 2844 646 ¹).
2894 562 3059 628 Cum

609 687 822 746 autem
865 681 1183 767 Epicurus
1227 683 1429 746 multa
1475 681 1594 744 sibi
1640 683 2054 768 assumpserit
2100 688 2162 745 et
2209 703 2244 745 e
2289 681 2861 767 Peripateticorum
2906 687 2972 744 et
3015 701 3054 744 e

609 799 1083 863 Platonicorum
1145 799 1421 884 scriptis,
1469 820 1630 885 quae
1678 799 1758 862 ad
1806 821 1985 863 suam
2034 798 2383 863 doctrinam
2429 798 2846 884 quadrarent,
2916 798 3058 884 quis

611 922 706 980 est
751 917 860 1002 qui
903 923 1136 1000 neget,
1185 937 1333 980 eum
1376 915 1540 980 hanc
1573 916 1953 980 sententiam
1986 937 2236 1002 quoque
2269 916 2592 982 Crantoris
2622 915 2743 978 sibi
2772 936 3057 1000 assump-

611 1033 819 1096 sisse?
909 1032 1073 1097 Cum
1117 1053 1302 1118 porro
1348 1032 1662 1118 Epicurus
1706 1033 1939 1096 multos
1985 1053 2122 1097 esse
2170 1033 2404 1096 dixerit
2447 1033 2717 1097 mundos
2763 1038 2828 1096 et
2882 1030 3054 1094 idem

614 1147 849 1212 dixerit
895 1148 972 1212 de
1019 1149 1244 1212 animis
1276 1145 1322 1232 ²)
1342 1198 1358 1231 ,
1407 1149 1597 1213 etiam
1659 1149 1945 1214 docuisse
1990 1150 2243 1214 videtur
2289 1150 2544 1215 easdem
2590 1151 2944 1215 animorum
2992 1155 3058 1212 et

611 1287 944 1352 corporum
991 1273 1345 1330 atomorum
1390 1268 1866 1352 complexiones
1912 1268 2165 1354 saepius
2210 1269 2537 1333 exsistere.
2586 1269 2933 1332 Praeterea
2964 1267 3053 1330 M.

615 1383 952 1447 Terentius
985 1379 1192 1446 Varro
1224 1383 1291 1445 in
1322 1382 1502 1446 libris
1533 1433 1548 1466 ,
1604 1405 1760 1468 quos
1795 1384 2163 1468 conscripsit
2190 1383 2266 1447 de
2298 1389 2489 1468 gente
2512 1384 2730 1469 populi
2748 1382 3056 1464 Romani,

613 1499 771 1564 haec
816 1500 1012 1564 verba
1057 1499 1339 1585 protulit,
1365 1521 1526 1585 quae
1558 1498 1960 1584 Augustinus
1988 1501 2039 1583 ³)
2073 1506 2563 1565 commemorat:
2619 1499 3059 1583 „Genethliaci

617 1618 874 1704 quidam
945 1618 1337 1704 scripserunt
1405 1618 1546 1682 'esse
1613 1617 1680 1680 in
1740 1619 2143 1682 renascendis
2187 1618 2548 1683 hominibus
2608 1641 2798 1704 quam
2843 1617 3059 1704 appel-

615 1736 750 1799 lant
793 1739 1285 1822 παλιγγενεσίαν
1332 1734 1595 1800 Graeci:
1641 1735 1761 1800 hac
1809 1737 2196 1821 scripserunt
2228 1737 2448 1800 confici
2480 1737 2546 1799 in
2579 1737 2760 1799 annis
2792 1755 3056 1799 numero

617 1852 1096 1938 quadringentis
1141 1852 1604 1937 quadraginta,
1665 1859 1736 1915 ut
1780 1853 1944 1916 idem
1988 1874 2215 1938 corpus
2260 1861 2317 1916 et
2360 1854 2573 1918 eadem
2603 1855 2852 1936 anima,
2899 1874 3060 1938 quae

614 1971 860 2053 fuerint
927 1971 1256 2034 coniuncta
1322 1971 1392 2033 in
1460 1969 1704 2032 homine
1778 1971 2123 2054 aliquando
2150 2019 2167 2053 ,
2230 1971 2442 2034 eadem
2514 1993 2744 2035 rursus
2800 1972 3061 2034 redeant

615 2088 684 2151 in
751 2087 1298 2151 coniunctionem.”
1390 2086 1704 2173 Epicurus
1768 2108 1918 2151 sane
1986 2110 2311 2173 nunquam
2372 2088 2607 2152 dixerit
2674 2094 2817 2174 post
2861 2109 3059 2152 annos

616 2205 1114 2291 quadringentos
1159 2204 1580 2291 quadraginta
1625 2205 1893 2270 eandem
1936 2205 2145 2270 redire
2191 2206 2733 2288 coniunctionem,
2780 2205 2948 2292 quod
2990 2205 3058 2268 in

616 2323 751 2388 eius
809 2329 1088 2408 systema
1146 2344 1275 2386 non
1338 2322 1650 2409 quadrant
1697 2323 2008 2387 eiusmodi
2052 2323 2338 2409 periodi,
2398 2330 2820 2388 veruntamen
2866 2323 3058 2386 animi

615 2440 949 2505 discidium
1014 2464 1054 2505 a
1120 2461 1381 2526 corpore
1451 2461 1582 2504 non
1643 2448 2026 2526 perpetuum
2100 2463 2237 2506 esse
2284 2441 2394 2506 sed
2437 2441 2727 2505 homines
2771 2439 3058 2523 renasci,

612 2558 741 2623 iam
809 2559 918 2623 alii
983 2557 1344 2644 philosophi
1411 2564 1559 2622 aute
1625 2557 1977 2644 Epicurum
2046 2558 2431 2642 docuerant,
2450 2565 2497 2638 4)
2544 2581 2662 2624 nec
2724 2559 3059 2645 quicquam

615 2675 951 2763 prohibet,
1023 2676 1358 2762 quominus
1427 2675 1756 2740 credamus
1826 2675 2030 2741 simile
2084 2677 2236 2763 quid
2284 2677 2665 2742 concessisse
2710 2675 3060 2763 Epicurum

617 2793 866 2858 Stoicis.
894 2798 941 2872 5)
988 2793 1082 2857 Hi
1113 2800 1329 2858 tamen
1349 2794 1659 2880 putabant
1684 2794 1927 2859 animos
1959 2801 2124 2859 totos
2154 2795 2389 2891 servari
2416 2816 2677 2881 corpore
2705 2794 3007 2859 dissoluto
3042 2843 3059 2877 ,

617 2910 787 2997 quod
831 2909 1146 2996 Epicurus
1193 2910 1538 2975 concedere
1582 2932 1711 2974 non
1757 2918 1985 2997 potest.
2075 2913 2154 2976 In
2198 2913 2335 2977 eius
2381 2913 2665 2977 doctrina
2709 2912 2870 2976 nihil
2916 2919 3059 2995 est,

618 3026 790 3115 quod
829 3028 1124 3092 iteratam
1169 3027 1516 3092 earundem
1561 3035 1917 3093 atomorum
1962 3030 2481 3114 compositionem
2526 3051 2894 3115 oppugnare
2919 3052 3062 3116 pos-

621 3146 746 3210 sit:
824 3146 936 3210 sed
1009 3145 1169 3210 haec
1243 3146 1444 3210 altera
1512 3146 1872 3211 coniunctio
1941 3153 2191 3211 tantum
2256 3147 2394 3211 fieri
2427 3154 2637 3231 potest
2682 3153 2746 3211 et
2809 3147 3057 3212 infinito

629 3263 886 3329 demum
953 3286 1216 3329 casuum
1259 3285 1523 3328 numero
1583 3264 1944 3328 verisimilis
1972 3314 1988 3347 ,
2050 3265 2203 3351 quin
2250 3266 2441 3329 etiam
2486 3272 2660 3329 certa
2704 3265 2795 3328 fit.

702 3383 779 3446 In
825 3382 1071 3469 reliqua
1099 3381 1288 3446 huius
1320 3381 1467 3446 libri
1497 3387 1676 3467 parte
1702 3403 1849 3446 cum
1880 3388 2071 3466 poeta
2100 3382 2389 3447 homines
2414 3389 2671 3447 moneat
2694 3389 2767 3447 ut
2790 3389 3064 3447 mortem

614 3520 1138 3585 communemque
1206 3507 1472 3563 naturae
1549 3506 1783 3564 sortem
1850 3500 2074 3563 timere
2122 3507 2185 3563 et
2219 3500 2547 3585 deplorare
2581 3500 2931 3583 desistant,
2980 3520 3059 3563 ea

613 3618 834 3705 paucis
884 3618 1270 3700 attingemus
1315 3638 1460 3680 cum
1505 3616 1581 3680 de
1628 3618 1764 3681 eius
1810 3617 2031 3681 morali
2078 3618 2361 3681 doctrina
2406 3618 2587 3682 nobis
2622 3617 3057 3682 disserendum

614 3735 753 3800 erit.
844 3734 1210 3821 Antequam
1253 3733 1334 3798 ad
1377 3742 1673 3820 quartum
1718 3736 1952 3799 librum
1997 3736 2397 3799 tractandum
2442 3742 2839 3801 transeamus
2866 3786 2883 3819 ,
2930 3735 3064 3799 ani-

613 3851 1011 3917 madvertere
1036 3852 1225 3916 liceat
1249 3852 1480 3915 mirum
1505 3873 1640 3916 esse
1651 3852 2051 3935 Lucretium,
2078 3853 2195 3916 etsi
2227 3853 2399 3936 alibi,
2424 3853 2491 3917 in
2516 3854 2639 3917 fine
2672 3853 2861 3917 huius
2884 3853 3052 3936 libri,

615 3969 727 4034 ubi
782 3968 860 4033 de
897 3968 1244 4033 inferorum
1288 3967 1618 4033 tormentis
1661 3989 1881 4054 agens,
1936 3990 2013 4033 ea
2057 3970 2207 4034 dicit
2253 3970 2400 4035 ficta
2444 3992 2581 4035 esse
2612 3992 2697 4035 ex
2728 3971 2805 4034 iis
2834 4020 2850 4053 ,
2894 3992 3061 4057 quae

683 4323 717 4382 ¹)
787 4322 864 4372 Cf.
901 4320 1002 4372 Cic.
1039 4320 1181 4385 Disp.
1217 4321 1363 4371 Tusc.
1401 4322 1462 4382 Ι,
1499 4325 1592 4382 38,
1630 4325 1707 4371 91.

683 4418 724 4481 2)
796 4417 871 4467 Of.
908 4417 1045 4468 Stob.
1079 4416 1115 4465 1.
1149 4417 1184 4466 1.
1220 4433 1382 4480 supra.

681 4513 722 4579 ³)
793 4513 871 4563 De
905 4512 1054 4565 Civit.
1091 4512 1188 4563 Dei
1219 4513 1332 4563 libr.
1367 4512 1530 4563 XXII
1566 4512 1625 4563 O.
1661 4516 1738 4563 20.

681 4608 722 4673 4)
791 4608 920 4658 Plat.
955 4608 1161 4659 Phaedr.
1198 4610 1309 4657 249.

678 4702 718 4764 ⁶)
785 4702 860 4753 Of.
895 4703 1056 4754 Zeller
1088 4703 1208 4765 ΙΙΙ,
1247 4707 1270 4752 1
1298 4740 1313 4765 ‚
1343 4720 1454 4768 pag.
1494 4708 1582 4753 141
1619 4720 1698 4755 no.
1738 4708 1782 4753 1.
