3529 5359
1525 343 1647 406 175

359 548 490 611 lent
554 545 810 630 legibus
876 543 1037 608 uti”.
1139 543 1654 609 Fundamentum
1721 544 1879 608 iuris
1955 550 2103 609 sunt
2149 521 2513 612 communia
2553 547 2811 613 foedera

358 663 529 750 pacis
569 663 638 747 ¹).
729 662 892 727 Cum
935 667 1180 726 metum
1225 632 1507 726 deorum·
1533 661 1860 725 sustulerit
1904 667 2141 746 poeta,
2187 662 2373 728 facile
2419 665 2621 728 videri
2666 687 2809 750 pos-

359 787 453 845 set
529 781 776 844 nullam
856 779 1189 864 reliquisse
1249 778 1379 841 vim
1398 827 1414 860 ,
1483 799 1644 865 quae
1705 778 2045 843 sceleratos
2114 780 2441 844 continere
2500 783 2697 866 possit
2743 788 2809 846 et

359 918 534 983 spem
600 897 678 961 iis
749 896 996 982 eripere
1065 895 1199 959 fore
1268 900 1341 958 ut
1411 915 1661 980 semper
1706 894 1948 959 scelera
1990 895 2233 960 lateant
2279 903 2344 961 et
2388 919 2633 983 poenae
2680 920 2806 963 non

359 1019 722 1100 sequantur.
811 1011 1123 1076 Attamen
1197 1016 1442 1093 „metus
1499 1011 1778 1076 maculat
1843 1033 2195 1097 poenarum
2262 1015 2547 1100 praemia
2612 1016 2805 1080 vitae.

359 1130 767 1195 Oircumretit
835 1129 1006 1192 enim
1075 1128 1174 1191 vis
1227 1133 1417 1214 atque
1462 1127 1696 1192 iniuria
1740 1150 2101 1215 quemque,
2170 1137 2362 1217 atque
2406 1131 2578 1196 unde
2624 1154 2811 1197 exor-

359 1254 516 1331 tast‚
589 1247 670 1313 ad
717 1267 862 1310 eum
908 1245 1284 1332 plerumque
1327 1246 1627 1328 revertit,
1685 1267 1804 1310 nec
1849 1247 2096 1311 facilest
2142 1249 2458 1333 placidam
2504 1272 2577 1314 ac
2623 1273 2811 1336 paca-

357 1371 488 1429 tam
560 1365 795 1449 degere
840 1363 1042 1428 vitam
1087 1362 1197 1449 qui
1240 1363 1439 1426 violat
1483 1362 1666 1427 factis
1712 1365 2075 1427 communia
2118 1364 2377 1430 foedera
2420 1367 2628 1452 pacis:
2689 1369 2811 1432 etsi

357 1482 518 1546 fallit
590 1481 762 1546 enim
832 1480 1043 1544 divom
1113 1500 1316 1564 genus
1358 1477 1877 1566 humanumque,
1948 1487 2258 1568 perpetuo
2304 1489 2519 1548 tamen
2564 1484 2633 1548 id
2675 1485 2810 1549 fore

258 1687 262 1691 .
356 1601 520 1665 clam
592 1599 876 1663 diffidere
949 1598 1182 1681 debet;
1253 1599 1488 1684 quippe
1533 1598 1644 1662 ubi
1691 1619 1758 1662 se
1803 1599 1992 1662 multi
2038 1621 2153 1686 per
2198 1601 2441 1666 somnia
2484 1623 2675 1688 saepe
2720 1603 2811 1667 lo-

356 1722 628 1802 quentes
671 1721 782 1779 aut
825 1714 1045 1778 morbo
1097 1714 1442 1778 delirantes
1487 1720 1791 1799 protraxe
1838 1715 2124 1779 ferantur
2171 1723 2236 1780 et
2282 1718 2487 1782 celata
2529 1718 2699 1782 mala
2742 1719 2811 1783 in

357 1833 642 1898 medium
705 1837 770 1896 et
836 1837 1100 1917 peccata
1145 1830 1436 1896 dedisse''
1463 1829 1532 1909 2).
1622 1832 1806 1896 Idem
1852 1831 2211 1918 Epicurus:
2281 1837 2354 1900 τὸ
2400 1845 2512 1910 τῆς
2559 1839 2807 1922 φύσεως

359 1948 600 2016 δίκαιον
647 1949 775 2015 ’ἐστι
837 1946 1180 2034 σύμβολον
1224 1954 1339 2013 τοῦ
1384 1951 1818 2034 συμφέροντος
1866 1953 1954 2025 εἰς
1998 1952 2071 2014 τὸ
2116 1927 2200 2031 μή
2244 1949 2562 2037 βλάπτειν
2608 1952 2811 2031 ἀλλή-

357 2066 517 2147 λους
587 2063 738 2148 μηδὲ
807 2063 1214 2151 βλάπτεσθαι
1285 2112 1300 2127 .
1357 2113 1372 2128 .
1429 2113 1445 2128 .
1516 2067 1629 2132 οὐκ
1695 2071 1773 2144 ἦν
1840 2095 1896 2132 τι
1965 2068 2105 2134 καθ’
2173 2070 2352 2133 ἑαυτὸ
2419 2067 2813 2151 δικαιοσύνη,

358 2183 508 2250 ἀλλ’
555 2186 622 2249 ἐν
666 2190 806 2257 ταῖς
850 2183 979 2264 μετ’
1025 2180 1339 2256 ἀλλήλων
1385 2192 1776 2268 συστροφαῖς
1803 2232 1819 2260 ,
1867 2185 2003 2250 καθ’
2052 2185 2401 2261 ὁπηλίκους
2448 2182 2665 2260 δήποτ’
2720 2188 2813 2253 ἀεὶ

356 2305 596 2378 τόπους
646 2304 928 2376 συνθήκη
973 2329 1068 2376 τις
1115 2301 1265 2386 ὑπὲρ
1313 2307 1426 2365 τοῦ
1471 2302 1555 2384 μὴ
1599 2298 1917 2385 βλάπτειν
1948 2287 2561 2388 μηδὲ-βλάπτεσθαι.
2630 2303 2709 2370 Ἥ
2745 2307 2813 2372 ἇ-

359 2417 519 2485 δικῖα
581 2419 656 2483 οὐ
719 2417 859 2483 καθ’
927 2417 1149 2491 ἑαυτὴν
1196 2419 1421 2498 κακόν,
1491 2415 1639 2482 ἀλλ’
1687 2420 1754 2482 ἐν
1798 2424 1885 2505 τῷ
1936 2420 2087 2484 κατὰ
2132 2421 2248 2494 τὴν
2294 2421 2574 2504 ὑποψίαν
2621 2421 2814 2509 φόβῳ

358 2540 404 2601 εἰ
471 2539 557 2619 μὴ
627 2535 806 2612 λήσει
873 2536 1023 2608 τοὺς
1069 2535 1220 2618 ὑπὲρ
1267 2537 1395 2599 τῶν
1439 2537 1743 2600 τοιούτων
1791 2537 2209 2621 ἐφεστηκότας
2254 2536 2591 2620 κολαστάς.
2684 2541 2818 2606 Οὐκ

357 2653 484 2719 ἔστι
547 2653 662 2718 τὸν
719 2651 934 2739 λάθρα
1005 2679 1060 2717 τι
1127 2657 1434 2718 ποιοῦντα
1497 2652 1586 2718 ὧν
1633 2655 1969 2719 συνέθεντο
2015 2656 2183 2739 πρὸς
2228 2653 2563 2737 ἀλλήλους
2609 2660 2696 2733 εἷς
2741 2657 2814 2724 τὸ

354 2772 436 2853 μὴ
489 2768 810 2857 βλάπτειν
867 2766 1017 2853 μηδὲ
1076 2767 1527 2854 βλάπτεσθαι,
1593 2774 1900 2835 πιστεΰειν
1947 2774 2043 2837 ὅτι
2087 2773 2299 2855 λήσει,
2372 2772 2489 2839 κᾶν
2531 2774 2812 2860 μυριάκις

357 2891 452 2953 ἐπὶ
504 2895 615 2953 τοῦ
659 2889 980 2973 παρόντος
1028 2885 1321 2974 λανθάνῃ
1368 2906 1383 2921 ·
1435 2891 1619 2975 μέχρι
1664 2888 1791 2975 γὰρ
1839 2900 2278 2976 καταστροφῆς
2324 2888 2570 2967 ἄδηλον
2614 2896 2663 2958 εἷ
2710 2898 2807 2959 καὶ

356 3004 542 3081 λήσει
571 3003 644 3087 3).

443 3120 633 3186 Haec
701 3126 849 3184 sunt
907 3119 1041 3184 fere
1108 3141 1271 3207 quae
1342 3121 1419 3185 de
1465 3121 1751 3186 Lucretii
1796 3122 2023 3187 morali
2070 3122 2357 3188 doctrina
2403 3124 2671 3190 dicenda
2714 3126 2807 3190 vi-

360 3238 696 3303 debantur.
788 3238 1005 3302 Pauca
1048 3243 1298 3301 tantum
1346 3245 1533 3321 sunt,
1581 3259 1742 3324 quae
1789 3259 1874 3302 ex
1918 3239 2207 3323 magistri
2268 3240 2494 3305 ethicis
2537 3242 2605 3306 in
2650 3264 2809 3329 opus

360 3377 548 3420 suum
590 3355 898 3447 inseruit,
969 3355 1080 3419 sed
1125 3376 1202 3419 ea
1246 3355 1466 3439 gravia
1491 3405 1507 3438 ,
1553 3356 1646 3419 ita
1689 3362 1762 3419 ut
1807 3362 2007 3420 totam
2050 3358 2223 3422 illius
2266 3365 2550 3424 mentem
2596 3362 2808 3448 expri-

359 3478 560 3538 mant.
650 3472 912 3559 Epicuri
955 3474 1212 3537 moralis
1259 3473 1544 3537 doctrina
1588 3479 1817 3559 poetae
1864 3476 2044 3563 quasi
2088 3482 2225 3541 erat
2267 3476 2621 3562 refugium,
2684 3500 2807 3565 quo

361 3591 690 3675 religionis
755 3592 1014 3655 timores
1078 3597 1414 3677 penetrare
1477 3614 1606 3655 non
1668 3598 1999 3678 poterant,
2070 3615 2215 3657 cum
2272 3594 2537 3681 physica
2598 3596 2809 3660 aditus

361 3709 643 3773 munitos
685 3714 952 3773 teneret.
1023 3709 1128 3774 Sic
1175 3730 1332 3795 pace
1377 3709 1708 3774 fruebatur
1735 3759 1752 3793 ,
1828 3732 2020 3797 quam
2064 3711 2314 3776 animus
2358 3713 2807 3799 superstitione

363 3826 657 3891 turbatus
701 3826 978 3891 sitiebat.

430 4058 471 4122 ¹)
538 4056 616 4119 V,
654 4058 794 4107 1155.

429 4152 470 4212 ²)
534 4152 613 4214 V,
650 4154 770 4202 1151
807 4167 942 4217 seqq.

431 4246 471 4311 3)
541 4245 604 4295 D.
640 4245 698 4295 L.
731 4245 814 4307 X,
852 4247 976 4305 150,
1016 4247 1123 4295 151.
