3529 5359
1511 399 1629 459 109

355 599 613 685 λόγον
672 602 807 666 τὸν
867 602 1140 666 εἰκότα
1205 598 1330 666 δεῖ
1389 601 1670 686 λέγειν
1731 599 1972 668 τόνδε
2033 605 2177 669 τὸν
2225 606 2540 686 κόσμον
2585 605 2800 680 ζῶον

355 713 724 802 ἔμψυχον
791 717 1085 781 ἔννουν
1155 745 1231 781 τε
1292 723 1382 802 τῇ
1442 716 1795 803 ἀληθείᾳ
1866 716 1992 783 διδ
2053 721 2195 794 τὴν
2251 726 2390 784 τοῦ
2438 724 2634 784 θεοῦ
2681 751 2798 807 γε·

355 835 635 897 νέσθαι
703 835 1112 915 πρόνοιαν
1146 833 1434 915 1)'(Tim.
1505 853 1650 917 pag.
1720 836 1802 896 29
1836 834 1978 916 R).
2070 835 2199 898 Hie
2246 857 2429 920 quem
2481 839 2797 902 cernimus

352 949 624 1012 mundus
668 949 1073 1013 simulacrum
1120 956 1216 1013 est
1260 951 1481 1014 mundi
1527 952 1857 1014 cuiusdam
1902 953 2145 1016 aeterni
2193 955 2297 1034 (29
2321 953 2403 1016 A.
2423 953 2558 1037 R),
2606 977 2795 1039 quam
2874 933 2880 938 ⁵

353 1065 430 1130 ob
495 1087 630 1129 rem
695 1067 968 1131 mundus
1037 1073 1132 1131 est
1199 1069 1515 1152 perfectus
1584 1076 1647 1132 et
1716 1070 1910 1133 etiam
1972 1091 2137 1133 unus
2206 1071 2479 1134 mundus
2544 1078 2794 1136 tantum

348 1185 663 1268 reperitur
708 1187 810 1267 (31
861 1186 962 1260 B.)
1010 1183 1076 1268 2).
1165 1187 1495 1250 Perfectus
1541 1177 1965 1251 hio'mundus
2010 1188 2147 1272 ipse
2193 1194 2288 1251 est
2337 1188 2490 1252 deus
2537 1191 2793 1274 quidam

349 1301 616 1366 beatus:
686 1303 876 1381 οὗτος
941 1301 1015 1378 δὴ
1079 1309 1205 1382 πᾶς
1277 1307 1468 1383 ὄντος
1539 1306 1632 1369 ἀεὶ
1693 1304 2010 1390 λογισμὸς
2078 1309 2227 1370 θεοῦ
2288 1311 2425 1391 περὶ
2487 1310 2599 1372 τόν
2645 1337 2795 1373 ποτε

351 1420 650 1501 ἐσόμενον
718 1422 870 1485 θεὸν
939 1420 1272 1504 λογισθεὶς
1343 1420 1519 1486 λεῖον
1589 1427 1684 1487 καὶ
1757 1422 2004 1502 ὁμαλὸν
2051 1428 2345 1508 πανταχῇ
2393 1452 2453 1488 τε
2499 1427 2561 1488 ἐκ
2602 1428 2793 1507 μέσου

347 1535 490 1600 ἴσον
541 1540 636 1600 καὶ
685 1536 846 1601 ὅλον
895 1542 989 1601 καὶ
1036 1535 1254 1601 τέλεον
1301 1540 1362 1602 ἐκ
1407 1539 1636 1602 τελέων
1686 1539 1995 1617 σωμάτων
2029 1542 2206 1617 σῶμα
2237 1541 2528 1620 ἐποίησε,
2574 1544 2793 1626 ψυχὴν

350 1649 410 1716 δὲ
459 1655 544 1727 εἷς
606 1654 678 1718 τὸ
736 1656 929 1732 μέσον
977 1654 1168 1717 αὐτοῦ
1216 1657 1351 1731 θεὶς
1400 1651 1498 1718 8ιοῖ
1543 1656 1788 1727 παντός
1834 1682 1894 1718 τε
1940 1654 2120 1718 ἕτεινε
2168 1659 2263 1718 καὶ
2312 1655 2396 1719 ἕτι
2442 1653 2675 1730 ἔξωθεν
2721 1660 2791 1722 τὸ

349 1775 526 1851 σῶμα
588 1771 744 1856 αὐτῇ
793 1770 1200 1854 περιεκάλυψε
1246 1772 1436 1855 ταύτῃ
1485 1817 1498 1832 .
1535 1815 1592 1832 ..
1655 1767 1779 1834 3111x
1823 1773 2064 1834 πάντα
2112 1769 2199 1846 δὴ
2246 1778 2489 1837 ταῦτα
2538 1771 2789 1839 εὐδαί-

347 1915 547 1968 μονα
594 1889 784 1952 θεὸν
831 1889 1077 1951 αὐτὸν
1123 1886 1717 1971 ἐγεννήσατοῧ).
1772 1887 2018 1969 (34Β.).
2049 1887 2291 1970 Terra,
2340 1889 2465 1971 Sol,
2508 1891 2789 1974 caelum,

347 2025 556 2086 mare,
605 2005 845 2085 sidera,
892 2004 1078 2086 luna,
1129 2005 1428 2088 quoniam
1478 2004 1691 2068 divina
1736 2010 1965 2067 natura
1997 2011 2145 2067 sunt
2167 2006 2492 2090 praedita,
2542 2029 2787 2073 summo

347 2123 610 2186 numine
678 2123 766 2186 sio
834 2123 1122 2204 volente,
1193 2128 1454 2186 aeterna
1519 2123 1872 2186 manebunt
1907 2144 1920 2185 ε
2014 2128 2159 2188 Θεοὶ
2230 2128 2437 2206 θεῶν,
2505 2128 2594 2190 ὧν
2664 2129 2786 2212 ἐγὼ

348 2237 732 2327 δημιουργὸς
798 2246 1000 2326 πατήρ
1080 2269 1140 2306 τε
1215 2241 1448 2326 ἐ’ργων,
1528 2239 1565 2305 ἃ
1644 2239 1719 2306 δι’
1788 2244 1935 2322 ἐμοῦ
2007 2243 2312 2326 γενόμενα
2382 2243 2579 2307 ἄλυτα
2642 2246 2790 2324 ἐμοῦ

345 2359 405 2443 γ’
453 2357 825 2439 ἐθέλοντος,
887 2360 958 2422 τὸ
1024 2363 1136 2440 μὲν
1185 2357 1300 2422 οὗν
1349 2356 1423 2433 δὴ
1473 2355 1650 2423 δεθὲν
1697 2362 1826 2422 πᾶν
1871 2357 2109 2434 λυτόν,
2175 2360 2252 2423 τό
2294 2387 2366 2443 γε
2409 2361 2533 2440 μὴν
2580 2359 2789 2436 καλῶς

345 2477 668 2562 ἆρμοσθὲν
716 2482 812 2541 καὶ
887 2477 1042 2563 ἕχον
1089 2475 1152 2541 εὗ
1199 2475 1372 2540 λύειν
1422 2475 1653 2540 ἐθέλειν
1702 2484 1891 2541 κακοῦ
1920 2523 1933 2536 .
1985 2474 2060 2541 δι’
2109 2475 2147 2540 ἃ
2195 2481 2289 2541 καὶ
2338 2480 2579 2563 ἐπείπερ
2627 2483 2793 2563 γεγέ-

345 2599 578 2670 νησθε,
648 2593 954 2660 ἀθάνατοι
1013 2597 1123 2675 μὲν
1193 2595 1306 2658 οὐκ
1372 2597 1502 2658 ἐστὲ
1567 2591 1701 2658 οὐδ’
1747 2592 1968 2667 ἄλυτοι
2014 2596 2086 2659 τὸ
2134 2592 2434 2675 πάμπαν,
2503 2593 2637 2660 οὔτι
2680 2601 2790 2678 μὲν

344 2708 418 2788 δὴ
476 2712 838 2787 λυθήσεσθέ
903 2740 973 2795 γε
1021 2708 1164 2776 οὐδὲ
1211 2708 1498 2787 τεύξεσθε
1544 2708 1824 2775 θανάτου
1869 2715 2139 2795 μοίρας,
2199 2720 2309 2785 τῆς
2356 2714 2500 2792 ἐμῆς
2547 2711 2792 2795 βουλή-

342 2857 502 2905 σεως
569 2829 864 2911 μείζονος
933 2829 1016 2893 ἔτι
1088 2825 1314 2909 δεσμοῦ
1383 2832 1479 2893 καὶ
1553 2830 1925 2912 κυριωτέρου
1971 2829 2287 2913 λαχόντες
2336 2832 2629 2906 ἐκείνων,
2689 2830 2789 2904 οἷς

343 2948 430 3011 ὅτ’
501 2950 829 3031 ὲγίγνεσθε
876 2943 1266 3025 ξυνεὸεῒσθε,
1331 2974 1384 3009 κ.
1431 2974 1486 3009 τ.
1533 2946 1594 3008 λ.
1649 2946 1752 3026 (41
1804 2944 1912 3021 A.)
1958 2942 2028 3021 4).
2119 2944 2305 3007 Plato
2375 2945 2683 3008 mundum
2752 2966 2787 3009 e

342 3069 643 3149 quattuor
703 3063 1035 3126 elementis
1095 3068 1378 3125 creatum
1425 3083 1562 3154 esse
1609 3061 1847 3125 voluit:
1912 3062 2075 3125 οὕτω
2142 3062 2217 3138 δὴ
2286 3066 2491 3147 πυρός
2556 3092 2617 3128 τε
2688 3070 2784 3129 καὶ

341 3190 462 3265 γῆς
531 3176 698 3264 ὕδωρ
767 3180 911 3264 ἀέρα
980 3207 1040 3243 τε
1111 3182 1146 3242 ὁ
1180 3180 1364 3256 -θεὸς
1425 3182 1488 3242 ἐν
1532 3181 1697 3263 μέσῳ
1743 3181 1920 3256 θείς,
1989 3182 2084 3242 καὶ
2132 3179 2297 3263 πρὸς
2343 3178 2601 3254 ἄλληλα
2648 3181 2786 3245 καθ’

344 3300 506 3361 ὅσον
572 3300 650 3372 ἦν
719 3294 988 3361 δυνατὸν
1055 3296 1174 3360 ἀνὰ
1241 3298 1355 3360 τὸν
1415 3296 1610 3359 αὐτὸν
1658 3294 1869 3379 λόγον
1918 3296 2467 3380 ἀπεργασάμενος,
2537 3327 2588 3361 κ.
2637 3325 2689 3361 τ.
2739 3299 2784 3361 ἑ.

343 3412 534 3497 (Tim.
608 3415 690 3476 32
750 3412 848 3495 B.)
883 3411 952 3490 5).
1044 3412 1282 3477 Stellae
1363 3412 1532 3497 apud
1598 3412 1935 3475 Platonem
2006 3411 2187 3475 sedes
2262 3418 2410 3475 sunt
2485 3412 2785 3496 deorum,

407 3691 443 3754 ¹)
514 3690 591 3740 of.
635 3706 708 3740 vs.
765 3694 888 3739 144:
949 3728 959 3739 .
988 3726 998 3738 .
1027 3726 1038 3738 .
1073 3690 1208 3739 haud
1255 3689 1410 3753 igitur
1459 3694 1686 3739 constant
1718 3688 1891 3739 divino
1930 3688 2153 3752 praedita
2186 3704 2355 3749 sensu,
2392 3687 2789 3754 quandoquidem

338 3790 595 3849 nequeunt
626 3784 846 3834 vitaliter
878 3800 983 3833 esse
1016 3784 1250 3833 animata.

405 3881 442 3939 ²)
513 3880 587 3930 Cf.
622 3897 695 3929 vs.
734 3883 811 3928 18³.
845 3896 856 3928 ε
910 3880 1192 3943 exemplum
1231 3895 1376 3943 porro
1425 3878 1693 3943 gignundis
1748 3879 1897 3928 rebus
1948 3883 1999 3927 et
2048 3878 2155 3941 ipsa
2188 3878 2389 3929 notities
2420 3878 2678 3929 hominum
2711 3880 2789 3929 dis

341 3977 474 4025 unde
506 3980 581 4025 est
612 3974 764 4023 insita
795 3975 1009 4037 primum
1029 4012 1040 4033 ,
1076 3979 1190 4024 cett.

407 4070 448 4134 ³)
518 4069 594 4119 Of.
634 4072 752 4117 122:
797 4070 928 4134 ‘quae
959 4068 1130 4131 procul
1161 4084 1318 4133 usque
1350 4068 1471 4118 adeo
1503 4066 1672 4117 divino
1706 4084 1735 4117 a
1767 4067 1971 4116 numine
2005 4067 2189 4116 distent
2206 4104 2219 4127 ,
2256 4070 2396 4129 inque
2429 4069 2562 4115 deum
2595 4084 2785 4117 numero

342 4182 460 4229 quae
505 4168 605 4213 sint
639 4167 838 4227 indiyna
871 4166 1024 4213 videri
1040 4200 1054 4224 ‚
1101 4162 1330 4214 notitiam
1361 4163 1526 4227 potius
1558 4163 1791 4227 praebere
1824 4168 1883 4212 ut
1916 4178 2056 4226 posse
2088 4167 2327 4225 putentur
2344 4199 2358 4223 ,
2393 4164 2513 4227 quid
2546 4161 2611 4212 sit
2644 4163 2787 4213 vitali

342 4265 482 4311 motu
515 4275 760 4324 sensuque
793 4264 1051 4309 remotum.

405 4356 445 4421 ⁴)
518 4355 593 4405 Cf.
629 4371 701 4405 vs.
741 4359 832 4403 114
865 4371 997 4419 seqq.
1020 4371 1032 4403 ε
1069 4354 1304 4417 religione
1336 4354 1610 4403 refrenatus
1642 4370 1705 4403 ne
1738 4353 1865 4403 forte
1888 4353 2039 4403 rearis
2061 4358 2216 4403 terras
2242 4358 2292 4403 et
2316 4353 2467 4404 solem
2491 4358 2542 4402 et
2563 4352 2753 4402 caelum
2768 4388 2781 4413 ‚

342 4467 475 4500 mare
507 4450 666 4500 sidera
697 4450 868 4499 lunam
891 4486 902 4507 ,
940 4465 1136 4512 corpore
1170 4448 1341 4499 divino
1373 4454 1571 4498 aeterna
1603 4464 1831 4509 manere,
1870 4454 1983 4498 cett.

407 4546 447 4611 ⁵)
519 4545 595 4595 cf.
643 4560 716 4595 vs.
770 4547 890 4592 140:
943 4548 1083 4593 tanto
1126 4543 1284 4607 magis
1329 4542 1646 4592 infitiandum
1697 4548 1860 4594 totum
1908 4559 2051 4606 posse
2100 4548 2239 4593 extra
2272 4560 2448 4607 eorpus
2481 4543 2785 4608 formamque

343 4638 606 4689 animalem
653 4636 880 4701 putribus
930 4636 984 4685 in
1013 4637 1161 4699 ylebis
1196 4643 1431 4687 terrarum
1464 4641 1553 4686 aut
1582 4639 1695 4688 soli-3
1732 4654 1783 4684 m
1816 4638 1923 4698 iqui
1956 4641 2045 4686 aut
2074 4634 2131 4685 in
2152 4652 2275 4699 aqua
2319 4637 2495 4687 durare
2538 4642 2627 4686 aut
2670 4636 2786 4687 altis

343 4736 548 4783 aetheris
579 4733 691 4782 aris.
