3529 5359
1625 353 1708 416 35

443 576 588 620 cum
653 555 917 641 Epicuri
976 555 1368 639 argumentis
1431 554 1500 618 in
1566 554 1647 618 D.
1696 555 1772 618 L.
1819 553 1904 618 X.
1952 556 2029 618 41
2082 559 2147 618 et
2193 556 2276 620 42
2323 555 2630 642 expositis
2674 561 2749 620 ut
2790 577 2885 622 vs.

449 675 868 738 1008—1051
947 673 1371 758 respondeant
1444 673 1617 737 hisce
1693 673 1937 736 verbis:
2038 674 2189 755 »εἴτε
2264 672 2389 760 γᾰρ
2464 679 2543 752 ἦν
2587 675 2659 740 τὸ
2708 675 2889 740 κενὸν

442 791 731 876 ἄπειρον,
799 789 876 856 πὶ
943 788 1004 857 δὲ
1073 793 1324 874 σώματα
1394 793 1742 875 ὡρισμένα,
1810 789 2087 874 οὐδαμοῦ
2136 791 2213 857 ἂν
2260 793 2426 873 ἔμενε
2470 791 2546 857 τοὶ
2593 793 2884 875 σώματα,

440 909 592 975 ἀλλ’
659 911 904 994 ἐφέρετο
959 909 1108 974 κατ-οἶ
1151 910 1224 974 τὸ
1273 909 1529 994 ἄπειρον
1575 911 1756 974 κενὸν
1804 907 2255 996 διεσπαρμένα,
2326 931 2471 972 cum
2515 909 2663 973 inde
2712 931 2750 973 a
2792 931 2886 974 VS.

444 1027 832 1090 958—1008
886 1025 1157 1108 (omissis
1203 1031 1418 1089 tamen
1465 1027 1846 1089 998—1001
1900 1046 1974 1089 eo
2026 1026 2202 1108 1000,
2235 1047 2359 1112 quo
2390 1048 2558 1114 nunc
2587 1027 2891 1111 leguntur

441 1149 508 1206 et
553 1165 698 1207 cum
742 1144 1012 1207 Munroo
1056 1149 1200 1228 post
1246 1145 1368 1207 983
1417 1143 1692 1228 scriptis)
1745 1126 2213 1207 demonstretur
2255 1165 2530 1208 vacuum
2578 1165 2716 1208 esse
2750 1144 2889 1207 infi-

441 1259 694 1343 nitum,
760 1260 987 1324 iisdem
1053 1260 1185 1323 fere
1253 1260 1646 1344 argumentis
1716 1267 1908 1346 atque
1956 1260 2127 1346 apud
2172 1260 2525 1346 Epicurum
2574 1260 2743 1340 (vide
2790 1283 2890 1324 su-

441 1380 601 1462 pra).
691 1376 862 1440 Illud
928 1383 1142 1441 tamen
1208 1376 1473 1462 Epicuri
1541 1383 1992 1461 argumentum
2063 1378 2175 1442 εἴτε
2244 1378 2316 1452 τὸ
2386 1378 2566 1442 κενὸν
2634 1381 2711 1453 ἦν
2757 1378 2892 1462 ὡρι-

443 1499 710 1575 σμένου,
757 1497 870 1560 οὐκ
916 1495 994 1559 ἂν
1040 1495 1167 1580 εἶχε
1211 1494 1286 1559 rei
1331 1495 1547 1578 ἄπειρα
1582 1497 1833 1576 σώματα
1873 1499 2035 1560 ὅπου
2068 1495 2145 1559 ἂν
2177 1495 2321 1571 ἕστη
2352 1495 2535 1577 (coni.
2586 1493 2892 1577 Scaligeri

371 1701 378 1706 .
437 1634 557 1698 pro
626 1615 854 1694 ἐνέστη)
914 1635 952 1676 a
1019 1613 1316 1676 Lucretio
1386 1613 1905 1698 praetermissum
1955 1633 2093 1676 esse
2145 1611 2444 1694 videtur,
2520 1612 2670 1697 quia
2712 1612 2892 1696 ponit

432 1725 760 1794 'infinitam
821 1749 957 1792 esse
1025 1720 1398 1811 materiem,
1469 1729 1637 1815 quod
1703 1735 1894 1814 poeta
1940 1728 2225 1792 nondum
2272 1727 2676 1811 ostenderat,
2746 1749 2891 1790 cum

442 1847 724 1932 primum
772 1868 1042 1910 vacuum
1100 1867 1236 1909 esse
1285 1831 1818 1938 demonstrasset·
1886 1845 2145 1909 Infinito
2192 1851 2409 1909 tamen
2454 1845 2655 1930 spatio
2702 1845 2892 1908 rebus

443 1985 608 2048 opus
675 1984 811 2027 esse
881 1963 1033 2027 dicit
1099 1985 1188 2026 vs.
1259 1965 1420 2026 1006
1469 1968 1534 2026 et
1583 1965 1616 2025 7
1671 1983 1909 2047 „usque
1957 1961 2115 2026 adeo
2161 1962 2398 2047 passim
2444 1967 2622 2047 patet
2665 1962 2891 2046 ingens

444 2081 634 2165 copia
681 2081 916 2166 (spatii)
965 2080 1197 2161 rebus,
1245 2067 1883 2164 1111111110011011111113,
1929 2079 1996 2142 in
2043 2086 2302 2142 cunctas
2347 2079 2627 2164 undique
2658 2086 2891 2164 partes,

537 2198 884 2283 Postquam
953 2197 1040 2261 sic
1110 2197 1188 2260 de
1235 2203 1589 2260 atomorum
1635 2203 1898 2277 natura,
1948 2196 2025 2259 de
2070 2197 2339 2260 materia
2384 2204 2449 2260 et
2493 2218 2693 2260 vacuo
2742 2197 2893 2259 satis

444 2315 702 2400 copiose
773 2316 1069 2401 exposuit
1135 2321 1326 2400 poeta
1392 2315 1656 2400 Epicuri
1725 2316 2119 2397 doctrinam,
2188 2322 2259 2378 ut
2302 2314 2421 2379 hac
2475 2336 2709 2400 „parva
2751 2335 2892 2399 per-

445 2433 678 2496 ductus
725 2433 972 2518 opella'’
1021 2431 1362 2496 Memmius
1407 2432 1584 2517 ipse,
1638 2432 1762 2495 alio
1811 2453 1895 2494 ex
1940 2433 2063 2495 alio
2095 2433 2525 2506 clarescente,·
2572 2452 2733 2517 quae
2765 2432 2892 2494 iam

443 2550 812 2636 quaerenda
856 2557 1097 2613 restent
1141 2550 1260 2613 sibi
1291 2550 1611 2634 explicare
1643 2550 1843 2634 possit
1872 2551 1914 2633 ¹)
1942 2599 1957 2633 ,
2008 2549 2357 2613 doctrinam
2385 2549 2621 2613 refellit
2652 2548 2893 2612 Stoico-

442 2690 628 2751 rum,
695 2668 804 2755 qui
875 2668 1086 2733 omnia
1145 2667 1212 2731 in
1257 2666 1538 2731 medium
1582 2667 1700 2730 niti
1747 2672 1811 2730 et
1855 2665 2019 2730 hanc
2067 2665 2145 2730 ob
2191 2688 2327 2731 rem
2372 2666 2681 2731 contineri
2727 2665 2893 2730 dice-

443 2786 625 2849 bant.
715 2784 897 2848 Haec
959 2784 1170 2869 opinio
1237 2784 1406 2847 enim
1473 2784 1526 2847 si
1585 2788 1867 2847 mentem
1934 2782 2215 2864 obsidet,
2261 2804 2391 2845 non
2437 2781 2673 2867 poterit
2718 2787 2891 2845 recte

442 2902 823 2987 intellegere
870 2902 1142 2985 amicus,
1199 2922 1361 2987 quae
1405 2902 1474 2964 in
1521 2907 1825 2986 sequente
1870 2900 2032 2964 libro
2080 2900 2157 2963 de
2204 2907 2558 2964 atomorum
2602 2906 2779 2963 motu
2827 2905 2894 2963 et

443 3018 674 3083 mundi
741 3018 1058 3083 creatione
1128 3018 1434 3081 dicentur.
1525 3018 1696 3100 Nos,
1745 3024 1960 3081 autem
2008 3040 2152 3081 cum
2198 3017 2279 3082 ad
2323 3018 2614 3104 quintum
2661 3017 2891 3080 librum

444 3136 724 3224 amplius
795 3135 871 3199 de
939 3136 1057 3199 hoc
1123 3138 1298 3221 τόπῳ
1364 3135 1547 3199 nobis
1617 3134 2050 3199 disserendum
2097 3136 2216 3218 sit,
2285 3135 2476 3199 hosce
2519 3156 2741 3200 versus
2785 3134 2891 3199 hio

443 3255 909 3342 praeterimuS,
956 3274 1131 3317 nexu
1176 3274 1320 3317 cum
1366 3252 1796 3338 superioribus
1842 3258 1907 3316 et
1952 3252 2361 3337 sequentibus
2406 3251 2701 3315 indicatO.

521 3484 554 3541 ¹)
625 3483 669 3533 Ι.
727 3499 799 3559 vs7
861 3484 984 3529 1114
1034 3496 1137 3545 sqq.
1189 3480 1312 3529 Cum
1363 3479 1443 3529 his
1509 3481 1803 3531 conferenda
1852 3486 1969 3529 sunt
2012 3480 2169 3543 ipsius
2202 3479 2408 3543 Epicuri
2439 3479 2591 3530 verba
2621 3479 2677 3529 in
2707 3479 2896 3543 primae

443 3576 688 3640 epistolae
718 3576 818 3624 fine
853 3575 916 3623 D.
952 3574 1009 3623 L.
1047 3572 1126 3635 X,
1164 3576 1224 3623 83
1259 3579 1318 3623 ut
1352 3573 1624 3623 similitudo
1657 3578 1907 3637 appareat.

2559 4783 2649 4851 3*
