3529 5359
1830 338 1910 402 14

902 564 1050 609 nam
1095 541 1302 628 siquid
1343 540 1609 606 mortale
1655 561 1691 606 e
1737 539 1981 605 eunctis
2024 537 2313 624 partibus
2357 542 2558 619 esset,

906 681 989 725 ex
1033 661 1230 724 oeulis
1272 681 1376 724 res
1419 678 1706 745 quaeque
1750 661 2015 742 repente
2062 661 2283 741 erepta
2326 655 2564 741 periret
2594 656 2657 732 ¹).

734 777 1049 864 Epicurus
1092 776 1264 842 idem
1310 777 1399 842 ait
1431 773 1516 855 2);
1585 780 1684 842 καὶ
1745 779 1794 842 εἰ
1863 777 2176 863 ἐφθείρετο
2236 771 2299 840 δὲ
2357 775 2431 840 τὸ
2489 771 2953 861 ἀφανιζόμενον
2996 775 3084 847 εἷς

649 896 722 961 τὸ
781 897 863 977 μὴ
934 895 1056 974 ὄν,
1117 894 1303 962 πάντ’
1347 893 1427 959 ἂν
1470 891 1806 958 ἀπωλώλει
1848 892 1925 958 τὰ
1968 892 2345 978 πράγματα,
2412 889 2530 955 οὐκ
2573 891 2780 956 ὄντων
2824 891 2951 954 τῶν
2996 889 3083 966 εἷς

653 1010 692 1078 ἃ
739 1009 1076 1078 ὃιελῦετο.”

739 1128 884 1193 Hoc
950 1126 1136 1192 modo
1199 1132 1414 1192 autem
1479 1133 1671 1213 poeta
1737 1125 2019 1212 explicat
2084 1124 2249 1190 hanc
2294 1123 2716 1190 sententiam:
2763 1123 2817 1188 si
2861 1143 2963 1187 res
3004 1121 3089 1186 ad

653 1244 814 1310 nihil
859 1243 1063 1329 redigi
1105 1249 1392 1330 possent,
1439 1245 1651 1308 omnia
1671 1293 1688 1326 ,
1733 1265 1897 1330 quae
1928 1248 2110 1326 sunt,
2140 1243 2352 1326 ultro,
2398 1242 2576 1307 nulla
2606 1241 2671 1305 vi
2700 1240 2922 1323 illata,
2968 1238 3089 1304 sol-

654 1367 955 1426 verentur
977 1363 1062 1445 ³);
1108 1366 1439 1447 praeterea
1480 1360 1641 1424 nihil
1685 1366 2046 1426 remaneret
2090 1358 2171 1424 ad
2214 1357 2641 1424 restituendas
2683 1378 2786 1422 res
2812 1405 2829 1440 ‚

927 1478 1175 1562 „omnia
1220 1478 1389 1543 enim
1437 1478 1664 1562 debet,
1727 1479 1980 1543 mortali
2024 1498 2284 1564 corpore
2330 1498 2493 1563 quae
2538 1482 2726 1560 sunt,

909 1596 1159 1660 infinita
1203 1601 1377 1660 aetas
1423 1615 1796 1681 consumpse
1842 1600 1989 1660 ante
2036 1599 2177 1661 acta
2222 1594 2523 1680 diesque’'
2556 1592 2622 1676 4).

739 1711 922 1787 Quod
967 1734 1110 1777 cum
1154 1733 1282 1776 non
1325 1712 1562 1776 factum
1607 1713 1723 1795 sit,
1778 1710 1926 1775 inde
1973 1712 2258 1797 sequitur
2304 1731 2566 1796 corpora
2611 1729 2748 1774 esse
2774 1756 2791 1791 ‚
2836 1709 3095 1774 immor-

652 1827 769 1892 tali
847 1827 1137 1914 praedita
1224 1832 1454 1892 natura
1475 1826 1562 1912 ⁵);
1647 1826 1921 1914 denique
2010 1827 2131 1891 nisi
2194 1827 2529 1909 „materies
2595 1831 2857 1890 aeterna
2922 1829 3096 1888 tene-

654 1951 754 2011 ret
779 1995 796 2028 ,
864 1951 1070 2010 tactus
1135 1945 1288 2009 satis
1357 1952 1524 2010 esset
1593 1945 1708 2009 leti
1776 1944 2027 2029 causa'’,
2091 1945 2257 2031 quod
2315 1950 2530 2009 tamen
2590 1965 2717 2008 non
2768 1943 2880 2026 fit,
2948 1961 3099 2006 nam

660 2081 878 2126 omnes
945 2083 1047 2125 res
1123 2061 1422 2144 „discidio
1491 2061 1762 2127 redeunt
1819 2063 1887 2125 in
1954 2083 2217 2147 corpora
2267 2061 2595 2126 materiai”
2626 2059 2719 2144 6);
2778 2065 3098 2145 postremo

659 2178 781 2264 ipsi
853 2179 1086 2242 imbres
1165 2179 1310 2260 „ubi
1383 2199 1491 2243 eos
1564 2185 1747 2265 pater
1811 2178 2034 2244 aether
2100 2179 2167 2242 in
2234 2179 2547 2263 gremium
2614 2177 2835 2241 matris
2902 2174 3098 2241 terrai

655 2293 1141 2380 praecipitavit’'
1188 2295 1397 2380 perire
1443 2294 1699 2380 quidem
1743 2294 2043 2360 videntur
2066 2346 2082 2378 ,
2130 2296 2241 2360 sed
2272 2301 2530 2378 tamen,
2578 2316 2723 2359 cum
2752 2295 3001 2380 plantas
3033 2297 3102 2356 et

658 2411 957 2476 animalia
1000 2418 1332 2495 recreent,
1378 2412 1648 2498 probant
1692 2433 1820 2477 non
1864 2413 2119 2499 penitus
2164 2413 2371 2499 perire
2417 2432 2853 2499 quaecumque
2882 2409 3101 2475 viden-

657 2533 803 2611 tur,
870 2528 1159 2615 „quando
1229 2529 1356 2593 alid
1423 2550 1507 2592 ex
1568 2530 1692 2595 alio
1761 2529 1966 2594 reficit
2008 2536 2277 2614 natura,
2336 2551 2454 2594 nec
2499 2531 2695 2594 ullam
2739 2551 2875 2593 rem
2921 2527 3101 2613 gigni

661 2647 903 2732 patitur
947 2646 1070 2711 nisi
1114 2652 1317 2712 morte
1363 2647 1580 2713 adiuta
1625 2647 1873 2713 aliena”
1906 2648 1972 2732 Ἰ).
2062 2647 2246 2713 Haec
2277 2647 2617 2735 explicatio
2648 2667 2897 2734 quoque
2927 2645 3102 2711 labo-

661 2770 763 2828 rat
829 2764 1054 2829 eodem
1101 2764 1258 2829 vitio
1304 2786 1427 2851 quo
1473 2764 1901 2851 praecedens:
1958 2771 2311 2831 atomorum
2356 2766 2526 2831 enim
2571 2766 2854 2830 doctrina
2877 2815 2893 2847 ,
2939 2785 3102 2851 quae

664 2881 814 2945 inde
863 2905 902 2947 a
948 2903 1136 2947 versu
1181 2884 1306 2947 483
1351 2883 1604 2969 incipit,
1649 2882 1753 2947 hio
1798 2883 1927 2949 iam
1969 2884 2499 2969 argumentationi
2531 2890 2625 2949 est
2653 2884 2931 2966 inserta3
2977 2903 3103 2969 quo

668 2998 862 3062 etiam
905 2997 1144 3062 factum
1191 3004 1328 3082 est,
1375 3004 1448 3063 ut
1505 2997 1784 3064 difficilia
1830 3000 1956 3063 sint
2007 3000 2309 3065 distinctu
2360 3005 2735 3085 argumenta
2764 3022 2855 3064 vs.
2888 3001 3100 3063 219—-

671 3118 798 3180 224
865 3122 931 3180 et
991 3119 1330 3181 239—247
1365 3118 1434 3201 ⁸).
1497 3154 1579 3165 —-
1646 3117 1753 3182 Ex
1820 3118 1994 3183 hisce
2054 3118 2383 3205 principiis
2444 3124 2657 3183 autem
2700 3138 2959 3182 necesse
3006 3121 3105 3181 est

672 3239 972 3319 sequatur
989 3284 1006 3317 ,
1051 3234 1420 3300 universum
1465 3235 1720 3301 omnino
1767 3236 2125 3322 quantitate
2168 3258 2295 3301 non
2338 3236 2606 3319 mutari,
2652 3256 2860 3321 neque
2906 3234 3103 3299 demi-

737 3436 774 3495 l)
837 3436 924 3487 Vs.
959 3438 1234 3487 215—218.

735 3530 774 3590 ²)
842 3531 907 3581 D.
941 3532 1026 3592 L.,
1061 3530 1128 3581 X.
1163 3533 1241 3581 39.

649 3644 652 3649 ·
735 3626 776 3690 ³)
846 3626 933 3676 Vs.
971 3629 1081 3675 224.

737 3719 776 3780 ⁴)
839 3718 927 3771 Vs.
961 3722 1072 3771 232.

740 3815 780 3878 ⁵)
847 3814 932 3865 Vs.
970 3818 1080 3865 236.

743 3908 780 3968 ⁶)
848 3906 934 3959 Vs.
971 3911 1084 3958 249.

743 4002 784 4069 ⁷)
852 4002 940 4053 Vs.
977 4006 1070 4053 264
1105 4002 1168 4053 cf.
1200 4002 1351 4054 Arist.
1376 4003 1590 4069 metaph.
1611 4004 1700 4067 II,
1725 4008 1754 4054 2
1776 4042 1791 4067 ‚
1824 4022 1873 4069 p.
1899 4008 1993 4055 994
2027 4006 2057 4067 ἡ
2082 4006 2301 4071 θατέρου
2322 4006 2489 4071 φθόρα
2511 4007 2729 4071 θατέρου
2762 4007 2870 4059 ἐστὶ
2890 4008 3110 4075 γίνεσις,

678 4112 804 4163 quae
836 4098 988 4148 verba
1019 4098 1224 4149 fortasse
1255 4097 1318 4148 ab
1350 4098 1566 4163 Epicuro
1597 4116 1660 4151 ex
1692 4100 1982 4162 Aristotele,
2018 4100 2159 4151 euius
2180 4099 2363 4164 placita
2385 4116 2529 4165 saepe
2559 4118 2676 4153 suae
2697 4102 2947 4153 doetrinae
2969 4117 3110 4153 aeeo-

679 4190 900 4242 modavit
914 4228 927 4253 ,
962 4196 1081 4242 sunt
1114 4196 1324 4256 sumpta.

747 4288 786 4347 ⁸)
855 4287 909 4338 Si
955 4289 1098 4338 modo
1146 4290 1274 4339 inest
1318 4288 1578 4340 discrimen
1595 4325 1608 4350 ,
1663 4290 1795 4355 quod
1846 4290 2124 4341 Gassendus
2179 4290 2377 4356 quidem
2425 4291 2543 4343 vult
2559 4328 2573 4353 ,
2630 4308 2722 4357 ego
2774 4309 2875 4344 non
2928 4292 3073 4343 video
3096 4311 3109 4356 ;

683 4399 756 4434 vs.
793 4385 888 4433 219
921 4398 1054 4448 seqq.
1073 4420 1086 4445 ,
1137 4385 1209 4433 ait
1227 4420 1240 4445 ,
1275 4384 1414 4434 nulla
1463 4384 1514 4434 vi
1547 4400 1669 4447 opus
1702 4400 1809 4435 esse
1840 4385 1903 4434 ad
1934 4400 2011 4435 res
2043 4386 2106 4435 ad
2137 4385 2296 4435 nilum
2328 4386 2683 4437 interemendas
2701 4424 2714 4448 ,
2748 4387 2844 4438 nisi
2876 4386 3108 4438 materies

683 4484 881 4529 aeterna
912 4483 1071 4529 esset:
1121 4478 1354 4545 quoniam
1401 4496 1502 4530 non
1549 4480 1605 4530 in
1651 4486 1815 4558 partes
1862 4480 2089 4530 minimas
2122 4482 2327 4532 dissolvi
2358 4483 2617 4544 deberent3
2665 4499 2738 4533 vs.
2775 4486 2867 4533 239
2901 4483 3105 4533 eandem

685 4574 787 4627 vim
821 4590 989 4625 omnes
1028 4590 1106 4625 res
1153 4591 1295 4639 posse
1327 4576 1564 4626 conficere
1577 4612 1590 4637 ,
1636 4575 1735 4627 nisi
1767 4580 1996 4627 materies
2028 4584 2226 4627 aeterna
2256 4582 2475 4641 teneret3
2524 4594 2642 4628 nam
2686 4595 2788 4629 non
2820 4594 2942 4643 opus
2975 4583 3105 4630 esset

685 4670 738 4723 vi
769 4670 980 4735 quadam
1013 4670 1076 4719 ad
1107 4674 1382 4720 atomorum
1413 4674 1698 4721 contextum
1729 4670 2051 4722 solvendum:
2086 4677 2248 4723 tactus
2277 4672 2377 4723 iam
2410 4688 2577 4723 omnes
2609 4688 2687 4723 res
2720 4672 3044 4725 intel-emeret.

3099 4764 3109 4791 Ι
