3529 5359
1655 399 1735 462 99

471 620 596 663 nae
663 606 885 685 postea
949 599 1308 664 videbimus
1378 623 1414 664 a
1482 601 1805 686 plerisque
1875 599 2153 686 antiquis
2198 597 2596 685 philosophis
2642 598 2922 664 alienum

473 737 614 780 esse
639 766 655 799 ,
703 717 814 781 sed
859 739 1002 781 cum
1046 718 1327 782 maxime
1375 740 1519 782 cum
1551 717 1965 782 eruditissimi
1995 715 2188 781 huius
2220 716 2449 780 aetatis
2479 715 2601 780 viri
2634 715 2923 781 doctrina

473 855 843 918 congruere.

565 951 878 1024 Quoniam
944 952 1103 1016 haec
1147 975 1294 1039 pars
1340 959 1562 1038 postea
1607 974 1646 1016 a
1688 958 1879 1038 poeta
1924 958 2020 1015 est
2064 951 2337 1035 inserta,
2384 972 2495 1035 ea,
2542 973 2705 1038 quae
2751 973 2921 1016 nunc

473 1076 859 1155 sequuntur,
907 1071 1352 1155 coniungenda
1398 1077 1546 1134 sunt
1592 1092 1736 1134 cum
1781 1091 1873 1133 vs,
1922 1071 2041 1132 821
2096 1075 2161 1133 et
2193 1070 2300 1155 qui
2331 1069 2739 1154 praecedunt.
2788 1069 2921 1133 Ex-

472 1187 821 1272 plicaturus
890 1194 986 1251 est
1030 1194 1221 1273 poeta
1272 1188 1418 1273 „qui
1463 1187 1574 1251 fiat
1621 1188 1717 1250 uti
1760 1208 1984 1272 passus
2029 1186 2311 1272 proferre
2359 1207 2665 1272 queamus
2690 1236 2707 1270 ,
2776 1207 2921 1250 cum

472 1304 766 1368 volumus
791 1354 807 1387 ,
875 1306 1176 1390 varieque
1225 1304 1444 1368 datum
1489 1305 1572 1368 sit
1617 1305 1904 1368 membra
1947 1325 2247 1385 movere,
2320 1309 2384 1367 et
2430 1326 2591 1390 quae
2637 1325 2739 1368 res
2784 1310 2922 1367 tan-

472 1427 611 1485 tum
655 1420 776 1486 hoc
822 1423 1030 1485 oneris
1076 1422 1450 1508 protrudere
1497 1422 1696 1486 nostri
1743 1422 2023 1507 corporis
2070 1421 2340 1485 insuerit
2390 1469 2665 1485 .....
2758 1421 2919 1486 Dico

471 1539 684 1602 animo
753 1544 967 1602 nostro
1036 1539 1311 1624 primum
1373 1540 1709 1603 simulacra
1769 1538 2025 1602 meandi
2070 1538 2357 1602 accidere
2404 1544 2593 1623 atque
2640 1539 2921 1602 animum

471 1657 769 1741 pulsare,
816 1662 888 1720 ut
935 1656 1213 1720 diximus
1260 1662 1425 1720 ante.
1520 1657 1679 1720 Inde
1725 1657 2022 1720 voluntas
2068 1656 2139 1718 fit
2168 1679 2187 1750 ².
2244 1676 2451 1741 neque
2499 1656 2668 1719 enim
2712 1655 2921 1718 facere

470 1774 696 1858 incipit
740 1774 939 1838 ullam
984 1795 1121 1837 rem
1167 1775 1538 1860 quisquam,
1587 1795 1777 1859 quam
1807 1794 1988 1837 mens
2021 1773 2329 1859 providit,
2378 1772 2531 1858 quid
2562 1773 2719 1836 velit
2751 1778 2917 1836 ante.

472 1890 550 1954 Id
617 1892 784 1977 quod
850 1892 1184 1978 providet,
1254 1892 1424 1956 illius
1493 1893 1586 1956 rei
1644 1897 1890 1956 constat
1935 1893 2167 1975 imago,
2260 1890 2431 1974 Ergo
2480 1890 2731 1955 animus
2775 1912 2921 1954 cum

473 2029 612 2071 sese
674 2009 767 2071 ita
814 2015 1169 2073 commovet
1216 2015 1287 2072 ut
1331 2009 1490 2072 velit
1534 2009 1627 2073 ire
1673 2009 1867 2094 inque
1916 2009 2137 2093 gredi,
2193 2009 2339 2072 ferit
2385 2009 2711 2094 extemplo
2758 2030 2920 2094 quae

469 2125 540 2189 in
607 2147 868 2210 corpore
936 2132 1111 2208 toto,
1181 2146 1296 2211 per
1362 2126 1649 2190 membra
1714 2132 1905 2210 atque
1975 2132 2193 2208 artus,
2262 2125 2496 2189 animai
2558 2126 2777 2209 dissita
2822 2127 2921 2190 vis

473 2248 610 2305 est:
673 2248 738 2305 et
783 2241 1029 2306 facilest
1074 2242 1290 2326 factu,
1361 2243 1658 2328 quoniam
1705 2243 2043 2306 coniuncta
2088 2248 2360 2306 tenetur.
2452 2243 2611 2306 Inde
2659 2264 2735 2307 ea
2778 2264 2921 2329 pro-

470 2381 658 2445 porro
727 2381 952 2446 corpus
1017 2359 1206 2443 ferit,
1279 2366 1468 2445 atque
1536 2361 1652 2434 ita,
1694 2365 1830 2423 tota
1891 2361 2199 2444 paulatim
2266 2360 2467 2423 moles
2525 2360 2921 2445 protruditur

471 2482 662 2563 atque
691 2487 698 2492 ’
729 2477 1061 2540 movetur”
1101 2476 1163 2560 ¹).
1253 2478 1340 2541 Ni
1410 2477 1688 2541 fallimur
1755 2477 2096 2541 Lucretius
2161 2476 2266 2541 hic
2315 2477 2435 2540 sibi
2478 2498 2608 2540 non
2654 2483 2917 2541 constat.

470 2595 640 2658 Nam
693 2595 761 2657 in
805 2595 968 2658 libro
1016 2594 1335 2677 secund0‚
1399 2600 1471 2659 ut
1515 2594 1835 2676 vidimuS,
1905 2594 2067 2657 dixit
2112 2593 2435 2658 hominem
2484 2593 2721 2658 habere
2764 2594 2921 2658 libe-

469 2734 606 2776 ram
674 2714 1110 2796 voluntatem3
1181 2713 1425 2777 addidit
1491 2734 1643 2777 vero
1707 2712 1784 2776 de
1852 2713 2171 2776 motibus:
2251 2718 2358 2794 „ut
2425 2711 2644 2777 videas
2688 2712 2920 2775 initum

471 2834 681 2892 motus
749 2850 788 2891 a
857 2827 1044 2892 corde
1104 2829 1347 2911 creari,
1419 2850 1502 2892 ex
1548 2829 1869 2913 animique
1914 2828 2246 2892 voluntate
2293 2828 2358 2891 id
2404 2828 2748 2913 procedere
2792 2827 2920 2913 pri-

471 2966 688 3009 mum:
757 2945 906 3008 inde
977 2945 1113 3009 dari
1171 2968 1356 3032 porro
1402 2968 1517 3032 per
1563 2952 1769 3010 totum
1816 2967 2043 3031 corpus
2087 2951 2153 3008 et
2199 2948 2439 3008 artus’'.
2530 2944 2659 3008 Hic
2704 2950 2920 3007 tamen

474 3061 656 3125 docet
699 3063 1098 3126 voluntatem
1145 3084 1324 3126 suam
1370 3062 1608 3127 habere
1656 3070 1952 3127 causam:
2010 3085 2154 3127 cum
2200 3068 2416 3127 autem
2462 3083 2641 3125 suam
2685 3061 2921 3127 habeat

473 3200 726 3243 causam
799 3201 926 3243 non
1001 3186 1096 3243 est
1169 3181 1371 3243 libera
1447 3202 1481 3244 e
1549 3182 1801 3264 vulgari
1869 3180 2125 3266 quidem
2195 3179 2656 3263 significatione
2723 3180 2917 3243 vocis.

470 3296 786 3360 Assentiri
830 3297 1040 3383 'potius
1085 3297 1340 3361 videtur
1394 3298 1656 3380 Stoicis,
1706 3298 2061 3363 dicentibus
2084 3300 2135 3381 2)
2181 3298 2458 3384 primum
2509 3303 2754 3360 motum
2810 3318 2919 3361 vo-

472 3412 817 3477 luntarium
877 3436 1005 3477 non
1058 3435 1260 3497 esse,
1337 3420 1401 3477 et
1463 3415 1873 3497 DemocritO,
1945 3414 2229 3478 censenti
2262 3413 2311 3497 3)
2409 3414 2745 3479 simulacra
2805 3434 2919 3477 seu
2996 3458 3001 3461 -

471 3532 712 3617 species
756 3552 969 3595 rerum
1015 3532 1476 3596 incurrentium
1520 3533 1588 3596 in
1633 3534 1961 3615 animum,
2010 3554 2228 3595 causas
2283 3552 2420 3595 esse
2441 3581 2458 3615 ,
2504 3552 2668 3617 quae
2722 3531 2919 3595 animi

470 3656 709 3732 motus,
741 3648 1064 3731 consilia,
1111 3671 1318 3713 mores
1362 3650 1855 3736 affectionesque
1902 3649 2229 3713 traherent
2272 3649 2647 3715 necessario·
2722 3648 2915 3715 Ὑπο-

471 3771 730 3849 θέμενος
819 3776 1006 3833 τοῦτο
1098 3766 1172 3843 δὴ
1256 3766 1669 3849 τούπιδήμιον
1695 3816 1712 3844 ,
1808 3771 1841 3833 ὅ
1935 3783 2083 3852 φησι
2162 3769 2597 3853 Δημόκριτος,
2666 3768 2919 3853 ἐγκατα-

470 3880 879 3969 βυσσοῦσθαι
940 3884 1016 3949 τὰ
1086 3881 1312 3949 εἴδωλα
1361 3882 1458 3949 διὰ
1505 3884 1633 3949 τῶν
1677 3885 1900 3970 πόρων
1948 3888 2033 3959 εἰς
2079 3886 2152 3949 τὰ
2202 3884 2454 3966 σώματα
2482 3932 2499 3965 ,
2571 3888 2666 3949 καὶ
2716 3891 2918 3949 ποιεῖν

469 3998 580 4075 ‘nic
627 3999 778 4065 κατὰ
820 4001 934 4065 τὸν
981 4000 1186 4065 ὕπνον
1232 4002 1408 4085 ὄψεις
1455 4003 1960 4086 ἐπαναφερόμενα
1988 4022 2003 4039 ·
2066 4006 2289 4087 φοιτᾶν
2338 3998 2401 4067 δὲ
2447 4010 2639 4066 ταῦτα
2683 4028 2917 4066 παντα-

472 4119 672 4203 χόθεν
716 4118 983 4184 ἀπιόντα
1030 4123 1125 4183 καὶ
1176 4123 1413 4183 σκευῶν
1461 4123 1556 4183 καὶ
1604 4122 1863 4200 ἱματίων
1910 4123 2004 4183 καὶ
2041 4122 2288 4203 φυτῶν,
2331 4118 2603 4200 μάλιστα
2637 4115 2699 4183 δὲ
2732 4116 2916 4204 ζῴων

471 4235 592 4299 ὑπὸ
661 4234 867 4300 σάλου
933 4235 1189 4300 πολλοῦ
1237 4240 1332 4301 καὶ
1380 4237 1766 4321 θερμότητος
1796 4284 1813 4312 ,
1875 4236 1950 4299 οὐ
1996 4237 2200 4317 μόνον
2246 4235 2478 4319 ἔχοντα
2522 4232 2916 4321 μορφοειδεῖς

469 4357 578 4415 τοῦ
624 4351 917 4433 σώματος
963 4355 1418 4438 ἐκμεμαγμένας
1465 4354 1838 4436 ὁμοιότητας
1886 4352 2001 4435 (ὡς
2048 4352 2427 4436 Ἐπίκουρος
2456 4352 2687 4434 οἴεται,
2733 4355 2917 4439 μέχρι

535 4550 572 4617 ¹)
644 4551 883 4605 877—91.

534 4646 574 4710 ²)
646 4646 862 4707 Seneca,
895 4647 956 4696 de
989 4647 1074 4697 Ira
1108 4650 1164 4707 2,
1201 4649 1245 4696 3.

534 4740 570 4799 ³)
637 4741 770 4791 Plut.
811 4740 980 4805 Symp.
1013 4740 1182 4801 VIII,
1223 4744 1296 4789 10.

2572 4835 2654 4899 7*
