3529 5359
1695 335 1817 398 136

546 539 753 624 posita
815 538 896 601 sit
955 537 1033 602 ad
1079 542 1295 602 terrae
1341 536 1649 602 circulum
1695 535 2040 621 orbemque
2066 584 2082 617 ,
2150 556 2275 621 quo
2318 535 2391 599 fit
2435 540 2507 598 ut
2550 557 2694 600 raro
2738 540 2989 598 tantum

547 662 754 720 terrae
818 655 972 719 luna
1044 654 1318 738 „rigidas
1385 655 1528 719 coni
1593 654 1962 739 perlabatur
2021 653 2341 717 umbras”.
2431 653 2615 717 Haec
2664 653 2715 717 si
2761 658 2941 716 tenes
2967 701 2986 736 ,

545 773 872 858 intellegis
916 772 1070 859 quid
1114 772 1454 837 Lucretius
1497 772 1697 853 velit,
1745 792 1890 834 cum
1935 777 2361 854 congruenter
2404 792 2548 836 cum
2590 770 2797 856 prima
2840 770 2990 833 solis

549 890 833 955 defectus
879 889 1308 975 explicatione
1329 939 1345 972 ,
1393 889 1482 952 sic
1528 888 1716 952 lunae
1766 888 2084 951 defectum
2132 888 2447 972 explicet:
2517 894 2618 970 „et
2664 909 2776 951 cur
2819 893 2990 950 terra

547 1013 740 1093 queat
804 1007 1024 1070 lunam
1091 1006 1363 1091 spoliare
1418 1006 1696 1069 vicissim
1742 1005 1984 1069 lumine
2032 1011 2096 1068 et
2142 1026 2513 1090 oppressum
2558 1005 2753 1068 solem
2800 1024 2989 1089 super

544 1125 683 1210 ipsa
725 1130 946 1188 tenere
973 1173 989 1206 ,
1035 1129 1364 1187 menstrua
1408 1122 1558 1186 dum
1602 1122 1840 1206 rigidas
1886 1122 2029 1186 coni
2074 1121 2428 1207 perlabitur
2473 1122 2770 1205 umbras;
2830 1126 2988 1185 tem-

546 1262 698 1328 pore
743 1240 966 1306 eodem
1011 1241 1168 1304 aliut
1212 1246 1488 1326 nequeat
1534 1260 1901 1305 succurrere
1948 1241 2136 1304 lunae
2181 1261 2409 1326 corpus
2452 1241 2556 1303 vel
2604 1261 2794 1324 supra
2839 1239 2989 1302 solis

546 1358 863 1444 perlabier
908 1358 1168 1440 orbem,
1215 1357 1386 1443 quod
1431 1357 1640 1422 radios
1689 1358 2115 1442 interrumpat
2143 1358 2485 1443 lumenque
2515 1357 2913 1443 profusum?'’
2948 1355 2988 1433 ¹)
3015 1432 3029 1452 ἱ

546 1475 748 1540 Vides
805 1475 1066 1538 minime
1125 1481 1416 1538 accurate
1470 1480 1726 1559 poetam
1774 1495 2003 1538 canere
2048 1480 2447 1539 menstruam
2491 1475 2709 1538 lunam
2754 1472 2991 1556 rigidas

547 1599 754 1658 terrae
822 1593 964 1656 coni
1009 1592 1251 1677 perlabi
1296 1592 1595 1676 umbras,
1665 1597 1732 1656 et
1777 1614 1867 1656 vs.
1919 1593 2041 1656 765
2069 1641 2085 1674 ,
2135 1594 2215 1656 66
2300 1592 2655 1676 significare
2680 1641 2696 1673 ‚
2764 1611 2991 1675 corpus

545 1711 706 1775 illud
751 1712 1127 1793 obscurum,
1187 1716 1422 1794 noctu,
1492 1732 1638 1774 cum
1683 1710 1776 1774 sol
1821 1716 1919 1775 est
1966 1710 2081 1773 sub
2128 1716 2298 1774 terra
2323 1759 2339 1792 ,
2407 1715 2519 1774 aut
2564 1710 2730 1774 inter
2774 1709 2992 1772 lunam

548 1835 612 1894 et
671 1835 906 1892 terram
951 1829 1379 1912 („succurrere
1423 1828 1682 1912 lunae'’)
1732 1834 1843 1892 aut
1888 1829 2055 1892 inter
2100 1833 2335 1892 terram
2381 1834 2447 1891 et
2492 1828 2689 1891 solem
2736 1833 2995 1912 („supra

549 1947 698 2010 80118
729 1946 1015 2024 orbem”)
1063 1946 1154 2009 ita
1199 1945 1474 2030 positum
1521 1965 1657 2009 esse
1705 1945 1937 2009 debere
1965 1995 1981 2028 ,
2050 1951 2125 2008 ut
2167 1947 2321 2009 luna
2364 1965 2479 2030 per
2524 1944 2660 2010 eius
2703 1945 2993 2008 umbram

547 2063 860 2129 volvatur.
910 2101 991 2109 —-
1038 2062 1263 2127 Altera
1307 2063 1499 2126 lunae
1531 2062 1814 2126 defectus
1853 2062 2197 2147 explicatio
2223 2113 2239 2146 ,
2291 2065 2412 2127 768
2446 2083 2618 2149 seqq.
2639 2112 2655 2145 ,
2702 2062 2994 2146 congruit

548 2203 695 2246 cum
739 2181 818 2246 iis
843 2231 859 2264 ,
929 2201 1092 2267 quae
1139 2180 1217 2244 de
1264 2180 1412 2245 solis
1457 2180 1709 2245 defectu
1756 2180 2054 2244 dicuntur
2079 2230 2096 2264 ,
2161 2183 2283 2245 758
2330 2201 2540 2266 seqq.,
2587 2180 2669 2244 ad
2712 2186 2993 2244 mentem

548 2298 864 2362 Heracliti
889 2348 905 2381 ,
950 2304 1025 2362 ut
1069 2298 1309 2382 opinor.

635 2416 764 2480 Hic
831 2415 1028 2501 partis
1096 2415 1554 2479 astronomicae
1622 2421 1720 2478 est
1774 2415 1936 2478 finis.
2029 2415 2192 2480 Cum
2238 2415 2363 2480 fide
2411 2421 2476 2480 et
2518 2416 2761 2502 pietate
2805 2421 2997 2501 poeta

548 2532 821 2616 vestigia
885 2531 1175 2616 magistri
1221 2531 1488 2616 pressit:
1559 2551 1688 2594 non
1735 2532 1947 2595 omnia
1974 2582 1990 2614 ‚
2058 2553 2221 2618 quae
2268 2532 2373 2596 hic
2418 2533 2723 2618 protulit,
2792 2532 2871 2596 ab
2918 2554 2994 2596 eo

550 2657 698 2717 sunt
765 2651 1084 2737 explicata
1110 2700 1126 2733 ‚
1211 2649 1324 2713 sed
1367 2649 1433 2712 in
1507 2647 1803 2714 omnibus
1874 2649 2183 2734 magistro
2255 2651 2640 2716 auscultavit
2714 2651 2991 2717 dicenti:

549 2773 587 2847 ἡ
650 2774 787 2835 θεία
848 2772 1038 2855 φύσις
1103 2770 1269 2854 πρὸς
1315 2774 1506 2833 ταῦτα
1553 2767 1658 2847 (ad
1702 2773 1989 2832 meteora
2036 2769 2444 2854 explicanda)
2511 2768 2755 2852 μηδαμῆ
2800 2798 2997 2855 προς-

549 2890 837 2973 ιιγεσθω,
899 2885 1048 2951 ἀλλ’
1105 2886 1602 2971 ἀλειτούργητος
1671 2883 2080 2969 διατηρείσθω
2151 2892 2247 2953 καὶ
2296 2891 2363 2953 ἐν
2414 2888 2538 2975 [τῇ]
2587 2891 2761 2975 πάσῃ
2805 2917 2996 2970 μακα-

547 3004 812 3090 ριότητι,
859 3003 947 3077 ὡς
992 3005 1040 3068 εἰ
1086 3009 1274 3067 τοῦτο
1317 3004 1402 3083 μὴ
1449 3005 1929 3088 πραχθήσεται,
1976 3003 2189 3069 ἅπασα
2235 3007 2272 3080 ἡ
2319 3009 2457 3089 περὶ
2503 3010 2633 3069 τῶν
2673 3004 2995 3089 μετεώρων

549 3120 904 3205 αἰτιολογία
967 3123 1193 3201 ματαία
1253 3118 1441 3183 ἔσται.
1532 3118 1720 3183 Cavit
1763 3140 1847 3183 ne
1891 3119 2013 3184 sibi
2058 3121 2456 3205 contingeret
2504 3123 2780 3207 καθάπερ
2830 3126 2995 3187 τισὶν

552 3235 667 3315 ἤδη
736 3239 977 3320 ἐγένετο
1047 3237 1121 3301 οὗ
1192 3233 1462 3301 δυνατοῦ
1529 3219 1773 3319 τρόπου
1838 3240 2287 3323 ἐφαψαμένοις,
2358 3244 2446 3315 εἰς
2507 3237 2570 3305 δὲ
2614 3240 2687 3305 τὸ
2731 3239 2996 3322 μάταιον

549 3358 878 3421 ἐκπεσοῦσι
944 3358 1031 3439 τῷ
1091 3353 1228 3418 καθ’
1263 3354 1382 3417 ’ἕνα
1429 3354 1672 3437 τρόπον
1719 3353 1962 3421 οἴεσθαι
2010 3361 2299 3441 γίνεσθαι
2343 3357 2546 3438 μόνον
2588 3359 2741 3431 τούς
2785 3356 2837 3419 τ’
2882 3356 2992 3420 ἄλ-

550 3470 712 3545 λους
781 3469 1066 3549 ἅπαντας
1133 3472 1284 3545 τοὺς
1356 3470 1508 3534 κατὰ
1577 3471 1650 3534 τὸ
1719 3468 2138 3557 ἐνδεχόμενον
2208 3470 2583 3557 ἐκβάλλειν,
2655 3471 2741 3549 εἷς
2806 3500 2868 3536 τε
2922 3472 2995 3535 τὸ

547 3584 927 3663 ἀδιανόητον
973 3588 1336 3673 φερομένοις
1383 3590 1480 3651 καὶ
1527 3589 1601 3651 τὰ
1649 3591 1992 3673 φαινόμενα
2040 3588 2077 3653 ἃ
2128 3586 2219 3655 δεῖ
2263 3593 2527 3669 [σημεῖα]
2574 3587 2998 3677 ἀποδέχεσθαι

546 3708 630 3789 μὴ
679 3702 1047 3787 δυναμένοις
1092 3707 1472 3787 συνθεωρεῖν
1503 3707 1573 3780 2).

637 3821 734 3885 Eo
781 3842 926 3885 cum
969 3820 1249 3884 maxime
1293 3819 1507 3882 meriti
1552 3825 1700 3883 sunt
1745 3819 2049 3906 Epicurei
2100 3820 2178 3885 de
2224 3820 2667 3908 philosophia,
2714 3821 2882 3908 quod
2912 3843 2997 3885 ex

549 3960 680 4004 una
742 3938 1011 4003 materia
1057 3943 1122 4001 et
1180 3958 1307 4000 uno
1354 3942 1710 4001 atomorum
1752 3944 1933 4002 motu
1982 3938 2194 4002 omnia
2239 3939 2563 4025 explicare
2609 3940 2997 4005 conabantur

550 4063 618 4122 et
659 4056 728 4120 in
772 4062 908 4120 tota
951 4059 1216 4119 naturae
1261 4043 1752 4138 investigatione
1797 4078 1992 4121 unam
2036 4057 2348 4121 rationem
2389 4057 2592 4121 secuti
2623 4064 2803 4140 sunt,
2851 4079 2996 4121 cum

551 4173 842 4239 sensibus
910 4172 1060 4236 solis
1127 4172 1318 4237 fidem
1383 4172 1712 4255 haberent.
1806 4174 1966 4239 Cum
2034 4175 2128 4239 ita
2186 4180 2497 4260 perpetuo
2544 4175 2663 4238 sibi
2708 4180 2996 4238 constare

551 4290 761 4358 conati
807 4290 935 4353 sint
979 4294 1045 4353 et
1092 4290 1385 4353 omnibus
1429 4290 1913 4374 instrumentis,
1962 4292 2193 4378 quibus
2236 4298 2487 4357 nostrae
2534 4292 2762 4357 aetatis
2801 4297 2997 4356 astro-

616 4570 655 4635 ¹)
724 4569 811 4621 Vs.
849 4570 1092 4624 762—67.

615 4664 654 4726 ²)
723 4664 788 4714 D.
823 4665 882 4714 L.
917 4665 1001 4725 X,
1039 4666 1117 4717 97.
