3529 5359
1837 343 1919 407 66

656 546 895 611 ordine.
941 547 1290 633 Postquam
1334 545 1688 610 Democriti
1734 552 1926 631 poeta
1968 545 2203 610 refellit
2248 547 2646 633 opinionem,
2692 550 2868 615 addit
2926 550 3095 616 refu-

655 665 963 729 tationem
1007 664 1364 748 Heracliti,
1413 685 1636 749 corpus
1681 663 1844 726 nihil
1888 665 2009 727 nisi
2053 664 2548 728 instrumentum
2589 687 2727 732 esse
2758 670 3092 732 censentis,

655 782 823 847 Eum
867 803 1041 846 more
1093 787 1237 867 post
1283 803 1461 845 suam
1502 782 1859 866 expositam
1914 781 2263 846 doctrinam
2308 782 2699 848 adversarios
2728 785 3094 868 refellendi,

656 900 806 964 alibi
841 921 1089 986 quoque
1134 921 1320 963 usum
1366 920 1503 963 esse
1550 920 1585 962 e
1631 900 1947 984 prioribus
1985 901 2161 964 libris
2190 901 2439 986 patuit,
2487 901 2596 965 ubi
2628 902 2821 966 etiam
2853 924 2998 967 eum
3026 903 3096 967 in

654 1019 1031 1084 adversariis
1089 1017 1538 1104 impugnandis
1597 1017 1946 1103 Epicurum
2007 1016 2270 1081 fortasse
2318 1024 2605 1102 secutum
2644 1039 2780 1082 esse
2834 1020 3097 1105 eiusque

655 1159 831 1201 arma
883 1135 1223 1220 sumpsisse
1271 1134 1660 1199 ostendimus
1682 1135 1751 1216 ¹).
1829 1133 1992 1198 Cum
2036 1139 2251 1197 autem
2296 1134 2376 1197 ad
2420 1135 2872 1199 mortalitatem
2902 1137 3098 1199 animi

655 1252 1047 1338 probandam
1077 1257 1358 1315 transeat
1379 1257 1611 1336 poeta,
1658 1251 1876 1333 nobiS‚
1923 1256 2265 1336 antequam
2296 1272 2441 1314 eum
2470 1273 2836 1338 sequamur,
2878 1253 3098 1337 paucis

653 1369 864 1434 verbis
907 1391 1069 1456 quae
1115 1368 1322 1433 adhuc
1369 1375 1513 1432 sunt
1558 1374 1830 1433 tractata
1880 1374 2171 1453 repetere
2217 1368 2425 1434 liceat.

618 1473 622 1478 ’
741 1488 1028 1551 Ρ1111111111
1073 1492 1288 1550 autem
1333 1484 1967 1549 animadvertendum
2014 1505 2151 1548 esse
2197 1506 2525 1549 censemus
2554 1486 2925 1549 Lucretium
2958 1507 3097 1550 ver-

654 1605 736 1668 ba
781 1606 1096 1687 animum,
1145 1605 1465 1685 animam,
1512 1611 1807 1686 mentem,
1840 1603 2025 1667 modo
2059 1603 2447 1685 discernere,
2496 1604 2682 1668 modo
2716 1604 2796 1668 ad
2830 1604 3097 1668 eandem

654 1743 788 1786 rem
835 1721 1314 1806 significandam
1358 1743 1667 1807 usurpare
1694 1772 1710 1805 ,
1757 1744 1902 1786 cum
1948 1722 2261 1807 Epicurus
2309 1722 2531 1786 eodem
2577 1722 2885 1787 vocabulo
2918 1726 3095 1810 ψυχή

655 1841 752 1904 uti
798 1846 1079 1924 cogatur.
1137 1839 1204 1903 Si
1251 1846 1463 1904 autem
1513 1839 1851 1922 discernit,
1898 1840 2145 1903 animus
2192 1845 2287 1902 est
2330 1838 2501 1902 idem
2533 1845 2722 1924 atque
2754 1860 2932 1903 mens
2957 1837 2999 1921 2)
3032 1844 3099 1901 et

655 1957 996 2043 opponitur
1056 1957 1304 2020 animae
1326 2005 1342 2038 ,
1410 1961 1480 2018 ut
1549 1955 1838 2020 dominus
1900 1956 2239 2041 opponitur
2306 1977 2486 2019 servo
2513 1953 2582 2037 ³).
2674 1955 2836 2019 Cum
2883 1960 3098 2018 autem

656 2075 846 2157 vulgo
891 2073 1010 2137 hoc
1057 2072 1417 2136 discrimine
1477 2093 1605 2135 non
1663 2077 1915 2154 utatur,
1963 2072 2073 2135 sed
2118 2093 2341 2136 vocem
2386 2072 2667 2136 animum
2714 2077 2777 2135 et
2822 2072 3099 2136 animam

653 2195 916 2276 usurpet
970 2189 1052 2254 ad
1094 2195 1376 2254 mentem
1423 2194 1488 2252 et
1532 2189 1663 2253 vim
1707 2190 1970 2253 vitalem
2015 2189 2449 2272 indicandam,
2498 2209 2686 2274 saepe
2719 2188 2971 2253 difficile
3004 2194 3099 2252 est

651 2309 983 2372 intellectu
1049 2306 1201 2393 quid
1260 2307 1437 2371 velit.
1527 2305 1721 2370 Vitae
1767 2327 1955 2369 causa
2001 2291 2096 2369 est
2142 2307 2389 2369 animus
2416 2355 2433 2388 ,
2489 2306 2597 2392 qui
2644 2305 2859 2370 sedem
2903 2305 3101 2369 habet

649 2447 765 2512 per
831 2431 1036 2489 totum
1103 2445 1368 2509 corpus:
1434 2422 1538 2487 hic
1599 2424 1847 2499 animus
1906 2443 2091 2507 porro
2152 2421 2312 2485 nihil
2359 2428 2457 2486 est
2502 2444 2692 2508 quam
2736 2423 3097 2509 complexio

650 2549 1002 2607 atomorum
1075 2547 1140 2606 et
1214 2563 1359 2627 pars
1418 2539 1692 2604 hominis
1736 2546 1809 2604 ut
1854 2561 2079 2603 manus
2104 2589 2120 2622 ,
2182 2561 2337 2625 peS,
2386 2547 2596 2625 caput.
2687 2541 2835 2605 Non
2882 2561 3102 2605 omnes

648 2665 864 2725 tamen
930 2656 1125 2724 atomi
1192 2663 1378 2744 aptae
1425 2662 1614 2741 sunt,
1676 2678 1839 2744 quae
1886 2657 2169 2721 animum
2215 2658 2643 2722 constituant:
2689 2657 3049 2723 levissimae
3082 2707 3099 2741 ,

646 2779 947 2843 minimae
971 2828 987 2861 ,
1032 2776 1340 2841 rotundae
1385 2776 1556 2839 solae
1603 2781 1750 2839 sunt
1782 2780 1969 2861 aptae
1998 2798 2011 2839 ε
2060 2796 2362 2839 numerus
2393 2782 2609 2840 autem
2640 2797 2858 2840 earum
2886 2776 3096 2840 minor

648 2900 744 2959 est
788 2916 978 2981 quam
1021 2893 1316 2979 corporis.
1365 2892 1554 2957 Certo
1600 2891 1818 2955 ordine
1865 2898 2013 2955 sunt
2057 2893 2299 2978 positae
2347 2898 2412 2956 et
2457 2914 2571 2978 per
2616 2898 2822 2957 totum
2868 2914 3096 2977 corpus

645 3014 735 3077 ita
804 3012 1124 3097 dispersae
1171 3016 1235 3074 et
1281 3030 1423 3074 cum
1469 3014 1602 3073 toto
1649 3008 1906 3073 homine
1948 3011 2040 3073 ita
2084 3011 2499 3092 coniunctae,
2571 3015 2643 3073 ut
2686 3010 2861 3073 nullo
2906 3008 3095 3073 modo

647 3130 890 3194 secerni
913 3128 1190 3214 possint,
1231 3126 1382 3209 „sed
1401 3127 1581 3213 quasi
1605 3127 1847 3190 multae
1872 3127 1971 3191 vis
1993 3128 2181 3190 unius
2205 3127 2482 3212 corporis
2506 3126 2803 3190 exstent”
2829 3126 2895 3209 4).
2942 3127 3091 3213 Ipse

647 3252 863 3313 autem
895 3248 1142 3310 animus
1181 3266 1296 3331 per
1335 3266 1402 3309 se
1443 3246 1677 3309 sentire
1710 3266 1839 3309 non
1860 3250 2071 3331 potest
2092 3244 2217 3308 nisi
2242 3262 2670 3329 cum‘corpore
2696 3244 3087 3308 coniunctus,

651 3366 900 3451 Corpus
922 3365 1130 3450 ipsum
1155 3363 1234 3427 ab
1259 3363 1469 3426 animo
1495 3384 1748 3426 sensum
1774 3362 2023 3447 accipit,
2045 3382 2235 3448 quem
2259 3362 2395 3425 sine
2418 3362 2590 3425 illius
2608 3382 2727 3447 ope
2752 3382 2879 3425 non
2901 3360 3095 3426 habe-

649 3489 767 3549 ret.
861 3482 1166 3568 Quaeque
1213 3468 1314 3545 res
1360 3481 1530 3545 enim
1556 3530 1572 3563 ,
1620 3501 1783 3567 quae
1815 3502 2041 3567 corpus
2072 3487 2357 3545 nostrum
2398 3481 2638 3565 tangit,
2678 3481 2816 3544 eius
2853 3486 3096 3545 atomos

647 3606 896 3683 movet,
937 3621 1098 3687 quae
1124 3599 1428 3685 deinceps
1452 3604 1696 3662 atomos
1726 3599 1923 3661 animi
1952 3604 2245 3662 movent:
2281 3598 2587 3662 sentimus
2608 3598 2806 3682 igitur
2830 3598 3095 3662 affectus

651 3739 912 3804 corpore
947 3722 1013 3781 et
1048 3718 1117 3780 in
1143 3737 1402 3803 corpore
1431 3766 1446 3799 ,
1495 3715 1662 3801 quod
1685 3736 1837 3799 crgo
1861 3716 2003 3801 plus
2029 3722 2125 3779 est
2150 3738 2339 3801 quam
2362 3716 2557 3781 animi
2582 3716 3092 3780 instrumentum.

650 3836 776 3911 Qui
817 3840 1072 3899 renutat
1103 3836 1214 3917 (vs.
1251 3836 1378 3899 350
1407 3854 1522 3919 pro
1551 3832 1823 3916 refutat)
1872 3854 2095 3918 corpus
2138 3833 2373 3897 sentire
2421 3832 2532 3896 sed
2580 3837 2781 3897 solum
2812 3833 3094 3896 animum

647 3952 714 4017 id
757 3951 965 4017 facere
995 3957 1218 4037 putat,
1263 3950 1538 4033 fallitur3
1589 3969 1807 4013 omnes
1838 3948 2009 4012 enim
2029 3998 2046 4031 ,
2093 3949 2202 4035 qui
2235 3948 2554 4033 sentiunt,
2595 3948 2803 4013 sciunt
2849 3954 2915 4013 et
2950 3968 3093 4013 sen-

715 4215 750 4274 1)
819 4215 896 4265 cf.
932 4215 989 4276 1,
1025 4214 1157 4275 370,
1193 4214 1313 4275 705,
1350 4215 1464 4263 830.
1501 4212 1577 4275 11,
1612 4215 1726 4263 930.

709 4308 750 4373 ²)
821 4307 928 4357 III.
982 4311 1060 4357 84.
1110 4307 1330 4357 animum
1362 4306 1470 4357 dico
1514 4310 1730 4357 mentem
1764 4323 1914 4372 quam
1949 4323 2093 4372 saepe
2127 4324 2392 4370 vocamus3
2448 4324 2523 4361 vs.
2561 4308 2652 4359 139
2686 4311 2852 4359 autem
2886 4305 3091 4359 tertium

647 4402 786 4454 addit
818 4419 1178 4469 synonymumt
1215 4403 1492 4454 consilium.

712 4499 750 4559 ³)
823 4501 945 4560 138,
984 4500 1092 4548 144.

713 4594 753 4655 ¹)
817 4594 904 4645 Vs.
939 4597 1049 4646 265.

710 4689 752 4754 ⁶)
819 4688 906 4740 Vs.
943 4691 1052 4738 255.
