3529 5359
1616 353 1698 418 55

447 555 616 622 facto
682 556 900 622 statim
965 555 1201 622 animal
1247 555 1484 620 sentire
1510 604 1527 637 ‚
1597 555 1710 620 sed
1754 561 1970 619 tamen
2016 556 2253 620 sentire
2298 577 2425 621 non
2469 562 2681 643 potest
2724 561 2901 622 ante-

449 693 641 760 quam
707 675 920 738 anima
986 675 1066 738 sit
1087 670 1116 737 :'
1171 694 1333 760 quae
1405 673 1458 736 si
1518 672 1799 737 nondum
1855 679 1991 757 est,
2058 674 2195 738 eius
2236 675 2539 739 materies
2606 675 2735 738 iam
2806 679 2903 739 est

448 791 775 878 dispersa,
863 790 1166 873 „disiecta
1251 791 1572 855 tenetur.”
1685 790 1853 854 Tum
1918 791 2144 874 modo,
2214 813 2410 877 quum
2476 791 2635 858 haec
2700 798 2901 857 mate-

445 907 577 972 ries
657 913 756 974 est
819 927 1191 991 congressa,
1280 908 1372 971 ita
1429 912 1504 970 ut
1571 906 1785 970 anima
1849 912 1987 970 orta
2054 907 2171 990 sit,
2240 927 2349 971 eos
2413 913 2624 973 motus
2690 908 2903 973 anima

449 1025 700 1090 efficere
767 1031 1021 1112 potest,
1091 1025 1322 1111 quibus
1385 1045 1607 1088 sensus
1665 1024 1733 1086 in
1795 1024 2019 1110 quovis
2064 1024 2324 1107 animali
2370 1025 2637 1089 cientur.
2726 1025 2900 1110 Ergo

445 1143 560 1229 qui
632 1148 862 1229 putant
939 1142 1403 1224 „mutabilitate
1482 1147 1594 1206 aut
1665 1141 1882 1227 aliquo
1954 1148 2279 1227 tamquam
2352 1148 2542 1228 partu
2616 1163 2700 1206 ex
2772 1163 2901 1206 nou

446 1280 641 1324 sensu
706 1260 969 1323 sensus’'
1037 1260 1211 1324 nasci
1269 1279 1496 1344 posse,
1567 1279 1642 1323 eo
1686 1259 1869 1344 ipsc,
1916 1259 2085 1344 quod
2130 1258 2381 1342 dicunt,
2429 1265 2741 1344 coguntur
2765 1309 2781 1342 ,
2826 1265 2901 1324 ut

446 1379 727 1444 animam
774 1384 919 1442 ante
962 1378 1138 1441 illam
1181 1377 1602 1442 mutationem
1628 1426 1645 1461 ‚
1713 1383 1861 1440 ante
1905 1377 2085 1442 illum
2130 1383 2385 1462 partum
2430 1378 2559 1441 iam
2604 1397 2732 1441 esse
2775 1382 2899 1442 sta-

445 1501 669 1579 tuant,
747 1516 899 1579 ergo
967 1493 1088 1560 hoc
1132 1494 1319 1558 modo
1363 1493 1508 1576 fieri
1551 1515 1678 1558 non
1723 1514 1908 1579 posse
1954 1493 2323 1559 concedant.
2417 1495 2739 1578 Legamus
2782 1494 2899 1577 igi-

449 1617 598 1676 tur:
653 1611 876 1694 „Quod
922 1611 974 1675 si
1019 1611 1181 1676 forte
1228 1611 1456 1697 aliquis
1503 1610 1712 1693 dicet,
1761 1611 1913 1674 dum
1960 1616 2182 1694 taxat,
2240 1611 2389 1676 oriri
2434 1633 2619 1698 posse
2665 1633 2749 1676 ex
2772 1633 2901 1676 non

447 1751 643 1795 sensu
699 1750 922 1794 sensus
964 1730 1430 1811 mutabilitate,
1478 1735 1588 1793 aut
1632 1729 1845 1815 aliquo
1893 1735 2221 1815 tamquam
2264 1736 2495 1815 partu,
2542 1751 2728 1815 quom
2744 1750 2901 1814 pro-

445 1847 630 1911 ditur
695 1855 877 1910 extra
903 1896 920 1929 ‚
980 1846 1131 1910 huic
1197 1847 1352 1911 satis
1418 1846 1578 1910 illud
1624 1846 1746 1910 erit
1792 1846 2056 1931 planum
2100 1846 2307 1911 facere
2353 1853 2544 1934 atque
2587 1847 2856 1933 probare
2882 1896 2899 1931 ,

445 1986 581 2029 non
646 1965 785 2029 fieri
852 1970 1106 2050 partum
1174 1964 1300 2028 11181
1359 1964 1624 2028 concilio
1671 1969 1821 2028 ante
1868 1970 2129 2047 coact0,
2185 1985 2305 2028 nec
2352 1965 2690 2051 quicquam
2736 1986 2901 2029 com-

445 2082 686 2146 mutari
756 2083 891 2146 sine
961 2082 1318 2146 conciliatu.
1401 2082 1724 2166 Principio
1790 2087 2119 2167 nequeunt
2187 2082 2379 2146 ullius
2440 2083 2717 2168 corporis
2763 2103 2901 2146 esse

447 2219 672 2264 36118118
739 2205 887 2263 ante
953 2200 1141 2262 levem
1186 2198 1468 2282 genitam
1512 2205 1807 2263 naturam
1853 2200 2099 2262 animat·
2117 2247 2134 2282 ,
2205 2199 2408 2278 (codd.
2456 2201 2681 2284 lesam,
2730 2200 2900 2286 quod

447 2316 639 2381 facile
705 2321 994 2380 mutatur
1052 2317 1118 2379 in
1179 2317 1364 2379 levem
1412 2322 1476 2379 et
1518 2316 1800 2380 indicare
1846 2316 2029 2380 nobis
2072 2317 2329 2380 videtur
2370 2317 2713 2402 legendum
2760 2339 2899 2383 esse

447 2435 699 2498 animat·
758 2456 873 2520 pro
943 2435 1287 2497 animantis
1305 2456 1333 2514 ;
1393 2434 1585 2497 etiam
1651 2455 1781 2498 non
1846 2434 2036 2498 video
2099 2435 2207 2521 qui
2254 2436 2598 2499 animantis
2645 2435 2899 2500 defendi

446 2553 691 2639 possit3
763 2552 841 2616 de
901 2552 1088 2616 modo
1158 2573 1281 2638 quo
1343 2553 1556 2636 anima
1624 2551 1736 2616 fiat
1780 2558 2029 2616 tantum
2075 2573 2281 2616 sermo
2330 2555 2473 2636 est.)
2520 2554 2587 2617 ni
2630 2554 2897 2638 mirum,

447 2669 602 2757 quia
665 2669 966 2735 materies
1034 2669 1297 2735 disiecta
1356 2675 1630 2734 tenetur.
1688 2671 1800 2753 (vs.
1850 2672 1977 2735 940
2021 2692 2164 2734 aere
2188 2720 2205 2753 ‚
2251 2671 2619 2753 fluminibus
2645 2722 2661 2755 ,
2710 2672 2897 2736 terris

447 2794 747 2873 terraque
789 2789 1018 2852 creatis
1047 2788 1246 2852 deleri
1275 2790 1534 2874 potest).
1579 2786 1761 2851 Haec
1793 2791 2043 2874 (nempe
2071 2790 2404 2873 materiem
2436 2789 2615 2854 codd.
2647 2812 2755 2854 nec
2786 2789 2899 2854 sed

445 2906 854 2989 negationem
924 2905 1029 2969 hic
1093 2905 1244 2969 ferri
1302 2926 1428 2969 non
1474 2926 1657 2991 posse
1702 2905 2114 2992 perspicuum
2160 2912 2279 2985 est)
2328 2927 2665 2992 congressa
2709 2906 2896 2971 modo

445 3023 661 3087 vitalis
727 3023 1180 3087 convenientes
1234 3023 1504 3087 contulit
1546 3024 1716 3087 inter
1760 3044 1827 3087 86
1871 3029 2125 3107 motus,
2194 3024 2423 3111 quibus
2469 3024 2898 3089 omnituentes

447 3141 698 3205 accensi
765 3161 985 3204 sensus
1031 3141 1354 3204 animante
1398 3142 1464 3203 in
1510 3161 1759 3227 quoque
1793 3140 2102 3226 cientur'f
2133 3142 2526 3224 (Purmanno
2569 3143 2896 3225 assentior)

451 3258 751 3323 Ceterum
808 3257 1136 3322 fatendum
1183 3264 1280 3322 est
1324 3264 1479 3322 haec
1523 3265 1903 3343 argumenta
1949 3260 2226 3324 Socratis
2272 3266 2337 3323 et
2381 3259 2699 3367 Platonis&
2715 3282 2897 3345 argu-

451 3377 949 3442 mentationibus
995 3378 1228 3441 similia
1272 3398 1408 3441 esse
1446 3379 1507 3460 ¹).
2262 3462 2270 3469 ·

539 3494 884 3559 Praeterea
923 3494 1098 3559 aliud
1123 3499 1218 3558 est
1257 3499 1728 3579 argumentum,
1754 3492 1924 3579 quod
1948 3515 2170 3559 sensus
2196 3516 2233 3559 a
2249 3494 2562 3581 positione
2588 3500 2653 3559 et
2677 3494 2897 3559 ordine

449 3616 804 3677 atomorum
849 3611 1128 3697 pendere
1175 3632 1382 3697 neque
1428 3612 1598 3697 ipsas
1643 3616 1887 3675 atomos
1932 3632 2121 3675 sensu
2152 3610 2475 3696 praeditas
2506 3632 2674 3694 esse,
2714 3611 2897 3676 nobis

447 3730 790 3815 persuadet
805 3731 871 3813 2).
919 3730 1094 3793 Ictus
1141 3728 1394 3813 gravior
1436 3728 1730 3792 animalis
1778 3728 2024 3813 corpori
2072 3728 2288 3792 illatus
2332 3748 2553 3791 sensus
2585 3728 2723 3791 eius
2751 3748 2896 3791 con-

447 3847 659 3911 fundit
705 3853 768 3911 et
812 3847 1062 3911 animae
1107 3846 1305 3910 nodos
1351 3868 1388 3911 a
1433 3867 1693 3933 corpore
1725 3846 1955 3928 solvit3
1989 3846 2198 3909 minus
2244 3846 2455 3930 gravis
2486 3851 2701 3910 autem
2731 3846 2896 3910 ictus

365 4048 372 4056 ι
452 3985 644 4051 saepe
705 3965 984 4029 vincitur
1027 3964 1120 4028 ita
1143 4014 1159 4047 ,
1232 3970 1302 4027 ut
1349 3985 1569 4028 sensus
1613 3986 1766 4027 mox
1811 3968 2160 4049 reparetur.
2253 3962 2345 4027 At
2390 3962 2688 4049 quoniam
2734 3963 2895 4027 ictus

449 4079 615 4145 nihil
677 4080 885 4145 facere
952 4087 1257 4166 possunt,
1323 4102 1513 4166 quam
1557 4080 1846 4145 ordinem
1890 4078 2263 4164 perturbare
2282 4128 2298 4161 ,
2346 4079 2752 4164 perspicuum
2798 4082 2896 4143 est

451 4218 674 4261 sensus
719 4219 758 4261 a
801 4198 934 4261 solo
979 4203 1332 4262 atomorum
1380 4197 1600 4261 ordine
1645 4195 1944 4282 pendere.
2010 4194 2195 4270 Quod
2226 4195 2281 4259 81
2310 4196 2403 4258 ita
2430 4199 2562 4278 est,
2610 4194 2895 4280 sequitur

521 4404 556 4461 ι)
623 4403 700 4454 Cf.
755 4402 997 4453 eiusmodi
1050 4407 1395 4467 argumentum
1449 4402 1632 4452 Phaed.
1666 4418 1699 4465 p
1718 4439 1731 4463 ,
1790 4405 1882 4451 92:
1938 4404 2000 4453 οὗ
2034 4404 2131 4468 γάρ
2166 4420 2301 4462 που,
2353 4400 2580 4456 ἀποδέξῃ
2613 4416 2667 4465 γε
2702 4400 2893 4450 σαυτοῦ

451 4497 698 4564 λὲγοντος
741 4500 810 4557 ὡς
859 4498 1111 4564 πρότερον
1155 4498 1222 4558 ἦν
1256 4498 1475 4564 ἁρμονία
1512 4498 1805 4563 ξυγκειμὲνη
1832 4534 1845 4559 ,
1893 4498 2019 4562 πρὶν
2052 4496 2215 4547 ἐκεῖνα
2249 4498 2379 4547 εἶναι
2409 4495 2459 4553 ἐξ
2496 4495 2567 4545 ὧν
2598 4494 2691 4545 ἔδει
2725 4494 2895 4554 αὐτὴν

449 4594 773 4655 ξυντεᾶῆναι.

513 4688 556 4755 ²)
630 4688 706 4739 ΙΙ.
743 4690 979 4742 944—72.
