3529 5359
1846 385 1925 447 16

671 586 750 650 ad
817 592 1218 672 praesentem
1261 586 1542 651 universi
1596 592 1833 650 statum
1877 587 2102 651 referri
2145 608 2274 651 non
2316 593 2569 673 potest,
2636 610 2785 653 nam
2829 589 2933 653 hic
2974 610 3097 653 non

670 711 767 768 est
810 704 1222 768 immutabilis
1267 705 1371 768 vel
1416 704 1627 790 potius
1669 726 1801 768 non
1848 711 1938 768 est
1980 725 2289 790 praesens
2331 706 2613 770 universi
2662 712 2880 771 status.
2968 707 3102 772 He-

668 822 873 886 racliti
925 824 1127 888 πάντα
1169 821 1268 908 ῥεῖ
1311 823 1548 909 optime
1593 823 1661 886 111
1706 823 1970 908 Epicuri
2015 824 2387 888 universum
2431 819 2720 889 adhiberi
2770 831 3019 911 potest:
3058 822 3097 908 ¹)

670 943 734 1002 et
781 959 998 1002 omnes
1043 938 1379 1024 qualitates
1407 988 1421 1020 ,
1469 959 1630 1024 quae
1662 939 1959 1003 universo
1986 989 2001 1021 ,
2048 939 2236 1026 quale
2268 945 2366 1004 est
2394 962 2561 1005 nunc
2594 946 2658 1004 et
2690 941 2811 1004 fuit
2842 948 2907 1008 et
2938 942 3058 1005 erit
3081 991 3098 1024 ,

667 1061 929 1142 possunt
972 1056 1209 1137 tribui,
1278 1061 1424 1137 sunt
1468 1055 1752 1120 infinitus
1797 1077 2099 1120 numerus
2146 1063 2211 1120 et
2254 1063 2464 1122 motus
2511 1064 2575 1122 et
2621 1058 3099 1123 immutabilitas

583 1248 590 1256 ἱ
671 1179 1042 1236 atomorum.
1132 1173 1426 1237 Fortasse
1494 1173 1692 1258 igitur
1758 1195 1872 1260 pro
1937 1181 2228 1242 τοιοῦτον
2276 1225 2289 1238 .
2340 1225 2355 1239 .
2402 1177 2543 1242 οἷον
2608 1176 2952 1260 legendum
3004 1181 3101 1240 est

669 1297 977 1356 τοσοῦτον
1011 1339 1024 1352 .
1063 1339 1076 1352 .
1111 1293 1309 1372 ὅσον,
1357 1291 1525 1376 quod
1568 1292 1773 1375 magis
1819 1293 2111 1376 congruit
2156 1314 2299 1356 cum
2338 1293 2639 1358 Lucretio
2670 1300 2735 1357 et
2764 1294 2901 1358 loco
2933 1292 3101 1380 apud

669 1406 1084 1470 Plutarchum
1127 1406 1402 1470 laudato,
1492 1395 1926 1472 Nihilominus
1973 1415 2107 1472 tota
2152 1411 2623 1494 argumentatio
2667 1411 2829 1474 mira
2874 1415 2988 1474 est.

756 1523 917 1589 Cum
960 1525 1052 1588 ita
1094 1526 1416 1588 notionem
1462 1531 1816 1590 atomorum
1860 1527 1988 1590 iam
2017 1528 2511 1612 praesumpserit
2540 1533 2769 1613 poeta,
2812 1527 3101 1591 defensu-

667 1662 775 1705 rus
797 1647 913 1724 est,
947 1642 1114 1727 quod
1137 1642 1264 1705 iam
1291 1642 1454 1705 obici
1479 1649 1726 1728 posset,
1757 1648 2001 1707 atomos
2027 1664 2153 1706 non
2178 1665 2337 1726 esse,
2371 1645 2667 1730 quoniam
2694 1665 2819 1708 non
2842 1644 3099 1709 videan-

668 1764 789 1822 tur.
839 1759 965 1822 Sed
998 1759 1156 1822 scire
1187 1759 1462 1841 volenti,
1495 1758 1646 1844 quid
1678 1760 1780 1842 sit,
1809 1781 1938 1823 non
1968 1759 2403 1846 quaerendum
2439 1767 2556 1843 est,
2588 1783 2737 1824 num
2772 1761 3099 1844 videatur,

668 1876 780 1940 sed
845 1898 999 1939 num
1066 1880 1319 1960 tangat,
1397 1881 1696 1959 „tangere
1764 1877 1935 1940 enim
2004 1883 2070 1940 et
2127 1877 2339 1961 tangi,
2408 1878 2531 1941 nisi
2598 1899 2857 1964 corpus,
2925 1879 3104 1942 nulla

668 1999 877 2079 potest
918 1993 1059 2057 res”
1092 1991 1140 2070 2)
1170 2043 1185 2075 ,
1231 1992 1298 2054 id
1328 1997 1423 2055 est
1455 2041 1470 2074 ,
1516 2013 1668 2056 num
1699 1993 2163 2080 quodammodo
2196 1993 2428 2058 afficiat
2456 2015 2679 2058 sensus
2710 1994 2756 2078 ³)
2783 2045 2798 2077 ,
2845 2001 2918 2059 ut
2948 1995 3103 2081 Epi-

668 2131 886 2174 curus:
949 2112 1023 2176 τὰ
1082 2116 1210 2194 μὲν,
1253 2111 1377 2196 γὰρ
1428 2110 1680 2192 σώματα
1725 2111 1811 2185 ὡς
1860 2111 2025 2176 ἔστιν
2072 2113 2226 2188 αὐτὴ
2274 2114 2311 2186 ἡ
2360 2112 2653 2188 αἴσθησις
2700 2115 2795 2178 ἐπὶ
2842 2113 3102 2179 πάντων

667 2237 976 2313 μαρτυρεῖ.
1066 2226 1349 2308 VentuS,
1419 2225 1673 2307 odores,
1743 2226 1979 2310 friguS,
2051 2233 2263 2290 aestus
2310 2249 2439 2291 non
2484 2227 2816 2292 videntur:
2889 2250 2965 2293 ea
3007 2234 3101 2292 ta-

667 2365 814 2409 men
883 2365 1020 2410 esse
1088 2349 1285 2429 patet,
1333 2365 1416 2406 ex
1486 2364 1704 2406 eorum
1770 2343 2177 2407 efficacitate:
2249 2345 2401 2428 quin
2446 2344 2640 2408 etiam
2686 2365 2979 2430 corpora,
3024 2351 3102 2408 111

667 2485 929 2548 aquam,
977 2483 1202 2527 aureos
1233 2462 1498 2526 annulos
1525 2512 1539 2543 ,
1587 2482 1944 2543 vomerem,
1980 2483 2167 2543 saxa,
2202 2463 2450 2546 aliaque
2485 2461 2749 2525 diminui
2781 2460 3099 2526 videmus:

668 2601 819 2664 ergo
887 2580 1333 2666 „parvissima”
1398 2599 1658 2664 corpora
1718 2579 1795 2642 de
1841 2580 1918 2642 iis
1966 2579 2271 2643 decedere
2319 2579 2643 2664 quotidie,
2698 2599 2959 2644 necesse
3005 2585 3104 2642 est

669 2706 996 2784 putemuS,
1059 2720 1437 2784 quamquam
1502 2718 1577 2761 ea
1635 2719 1762 2762 non
1808 2705 2070 2782 possunt
2116 2698 2335 2761 videri.
2434 2699 2854 2783 „Corporibus
2898 2698 3103 2762 caecis

667 2819 814 2897 (non
861 2817 1036 2899 visis)
1087 2816 1285 2899 igitur
1315 2821 1543 2880 natura
1575 2816 1739 2898 gerit
1784 2815 1929 2877 res”
1963 2817 2029 2898 4).
2120 2815 2213 2878 Ut
2244 2836 2380 2879 rem
2418 2816 2729 2898 illustret,
2763 2821 3103 2879 ventorum

665 2932 1122 3021 fluminumque
1163 2932 1440 3016 impetus
1484 2930 1971 3017 descriptionem
2001 2937 2265 3014 usurpat
2297 2931 2665 3014 Lucretius,
2713 2952 2917 3017 quae,
2979 2930 3102 2995 etsi

669 3050 1011 3113 clarissimo
1057 3053 1248 3133 poeta
1294 3048 1486 3131 digna
1534 3053 1663 3129 est,
1711 3054 1926 3111 tamen
1970 3053 2043 3111 ut
2090 3047 2473 3132 comparatio
2521 3054 2617 3111 est
2661 3048 2929 3112 vitiosa:
2976 3051 3103 3109 ter-

669 3167 829 3231 tium
872 3147 1076 3247 enim,
1126 3165 1292 3251 quod
1339 3165 1602 3247 dicitu-r,
1650 3165 2163 3250 comparationiS,
2212 3165 2266 3228 si
2311 3166 2461 3251 quid
2506 3165 2827 3248 videmus,
2874 3165 3102 3229 falsum

669 3290 784 3349 est.
847 3285 1066 3349 Atomi
1112 3306 1238 3347 non
1286 3283 1616 3365 videntur,
1664 3284 1919 3346 omnino
1964 3283 2139 3346 nullo
2186 3304 2373 3346 sensu
2418 3304 2699 3368 unquam
2742 3282 3102 3369 percipiun-

667 3407 772 3465 tur
803 3402 889 3484 ⁵):
939 3422 1045 3465 eas
1090 3421 1158 3464 re
1205 3422 1357 3463 vera
1403 3420 1540 3463 esse
1585 3400 2066 3464 ratiocinatione
2112 3405 2359 3463 tantum
2398 3400 2795 3463 concluditur
2838 3406 2903 3463 et
2932 3399 3103 3485 apud

669 3518 1039 3582 Lucretium
1102 3523 1166 3581 et
1212 3517 1381 3603 apud
1425 3516 1792 3604 Epicurum.
1886 3517 2012 3589 Sed
2056 3524 2270 3581 tamen
2300 3517 2404 3580 ‘sic
2450 3517 2811 3581 ratiocinari
2850 3517 3105 3581 videtur

668 3640 889 3719 poeta:
982 3634 1232 3716 omnia,
1331 3655 1491 3719 quae
1587 3654 1983 3721 quocumque
2072 3655 2261 3697 sensu
2350 3634 2822 3719 percipiuntur,
2918 3639 3109 3697 sunt:-

668 3751 845 3813 venti
890 3772 1016 3813 non
1060 3750 1398 3833 videntur,
1461 3756 1742 3815 attamen
1790 3750 2013 3814 eadem
2058 3750 2378 3832 efficiunt,
2427 3771 2588 3836 quae
2634 3771 2941 3837 aquarum
2983 3751 3100 3813 flu-

735 4058 772 4121 ¹)
841 4056 902 4106 V.
939 4059 1059 4106 280:
1097 4055 1298 4107 adsidue
1331 4056 1564 4122 quoniam
1595 4056 1747 4107 fluere
1781 4056 1945 4107 omnia
1978 4062 2183 4107 constat.

733 4152 774 4215 ²)
843 4152 902 4201 I:
943 4154 1051 4200 304.

735 4248 772 4306 ³)
837 4246 922 4297 Vs.
964 4247 1073 4299 447.

736 4340 773 4405 ¹)
840 4339 927 4389 Vs.
963 4342 1072 4389 328.

734 4437 774 4501 ⁵)
845 4435 908 4485 D.
960 4436 1017 4485 L.
1071 4436 1123 4484 X
1173 4439 1234 4484 44
1268 4434 1508 4486 οὐδέποτε
1544 4438 1669 4501 γοῦν
1703 4437 1891 4500 ἄτομος
1927 4434 2069 4500 ὤφθη
2104 4436 2370 4497 αἰσθήσει»,
2424 4438 2483 4485 66
2517 4438 2545 4485 ὃ
2578 4438 2639 4487 οὐ
2674 4438 2935 4501 θεωρεῖται
2965 4440 3102 4503 ymb·

668 4548 819 4595 μενον
851 4528 963 4581 οὐθ’
997 4532 1134 4589 ὅπως
1167 4530 1234 4580 ἂν
1267 4531 1458 4595 γίνοιτο
1494 4531 1656 4594 ὁρατὴ
1690 4532 1881 4594 ἄτομος
1915 4530 2055 4580 ἔστιν
2088 4532 2371 4591 ἐπινοῆσαι.
2416 4530 2548 4579 Plut.
2582 4530 2708 4593 plac.
2741 4530 2865 4594 phil.
2902 4530 2929 4580 Ι
2952 4567 2965 4592 ,
3002 4533 3099 4582 28:

669 4626 799 4677 εἶναι
847 4625 1027 4676 δἀὑτὰ
1065 4628 1200 4690 λόγῳ
1238 4626 1488 4689 θεωρητά.
1554 4625 1752 4675 Lucret.
1791 4624 1879 4686 II,
1916 4628 2038 4675 312:
2092 4626 2263 4675 Omnis
2296 4624 2427 4676 enim
2457 4625 2603 4689 longo
2634 4624 2815 4677 nesta·-
2848 4624 2911 4675 ab
2944 4624 3100 4675 senni-

667 4722 761 4772 bus
792 4720 923 4771 infra
953 4719 1221 4783 primorum
1253 4726 1430 4771 natura
1460 4720 1602 4771 iacet.
