3529 5359
1759 321 1883 384 114

607 531 940 590 currerunt
989 523 1221 606 atomi,
1270 528 1341 585 ut
1387 521 1490 585 hic
1534 522 1809 586 mundus
1856 529 2247 587 exereretur.
2337 523 2627 587 Primum
2672 523 2861 588 chaos
2892 531 3047 588 erat.

609 643 776 725 „Hic
845 662 1056 728 neque
1123 647 1260 704 tum
1307 640 1457 703 solis
1502 646 1642 704 rota
1687 641 1861 702 cerni
1907 641 2146 704 lumine
2192 642 2369 725 largo
2414 642 2752 707 altivolans
2798 649 3049 728 poterat

603 782 721 826 nec
765 761 982 844 magni
1029 759 1236 823 sidera
1280 757 1501 821 mundi
1549 778 1666 820 1166
1711 779 1887 822 mare
1932 781 2051 822 nec
2097 760 2345 823 caelum
2392 781 2507 823 nec
2557 759 2830 845 denique
2876 767 3048 824 terra

604 898 810 962 neque
880 881 988 939 aer
1057 896 1176 938 nec
1246 874 1470 937 similis
1535 874 1768 936 nostris
1835 875 2025 938 rebus
2086 896 2187 938 res
2234 876 2364 939 ulla
2409 875 2655 958 videri,
2726 876 2839 939 sed
2882 897 3047 939 nova

600 999 949 1080 tempestas
1018 992 1331 1078 quaedam
1399 991 1722 1075 molesque
1792 997 2005 1054 coorta
2067 1013 2251 1055 omne
2315 1013 2515 1076 genus
2563 993 2639 1056 de
2685 994 3042 1078 principiiS,

603 1111 916 1176 discordia
975 1130 1243 1196 quorum
1312 1108 1648 1171 intervalla
1692 1108 1827 1172 vias
1874 1130 2154 1172 conexus
2197 1110 2479 1194 pondera
2523 1111 2743 1195 plagas
2790 1132 3043 1174 concur-

603 1251 708 1293 sus
775 1234 986 1292 motus
1053 1226 1350 1290 turbabat
1416 1225 1658 1310 proelia
1725 1227 2039 1307 miscens,
2101 1233 2359 1312 propter
2428 1227 2747 1290 dissimilis
2812 1227 3043 1291 formas

601 1348 936 1431 variasque
995 1345 1232 1428 figuras
1294 1329 1477 1427 quod*
1507 1364 1633 1405 non
1681 1344 1892 1406 omnia
1937 1344 2023 1407 sic
2070 1350 2362 1428 poterant
2408 1346 2742 1410 coniuncta
2785 1366 3041 1409 manere

603 1485 722 1527 nec
767 1469 976 1526 motus
1022 1463 1191 1524 inter
1236 1481 1371 1523 sese
1419 1459 1567 1522 dare
1615 1460 2069 1523 convenientis.
2166 1461 2497 1545 Diffugere
2543 1463 2689 1526 inde
2734 1463 2859 1527 loci
2903 1485 3041 1548 par-

598 1587 700 1644 tes
760 1600 1026 1664 coepere
1053 1628 1069 1660 ,
1139 1597 1448 1663 paresque
1497 1597 1640 1639 cum
1685 1577 1943 1661 paribus
1986 1577 2164 1660 iungi
2210 1599 2313 1641 res
2359 1584 2423 1641 et
2469 1578 2819 1643 discludere
2863 1602 3040 1643 mun-

602 1697 752 1760 dum
819 1695 1229 1780 membraque
1292 1693 1573 1756 dividere
1636 1699 1699 1756 et
1743 1714 2009 1776 magnas
2056 1694 2393 1779 disponere
2438 1703 2692 1780 partes,
2739 1697 2860 1761 hoc
2905 1705 3037 1779 est,

601 1835 640 1878 a
706 1813 890 1876 terris
958 1813 1158 1876 altum
1221 1831 1550 1874 secernere
1618 1811 1908 1892 caelum,
1978 1817 2043 1874 et
2111 1831 2395 1875 seorsum
2439 1835 2614 1877 mare
2659 1815 2752 1877 uti
2800 1823 3038 1879 secreto

601 1951 822 1994 umore
890 1934 1178 2014 pateret,
1251 1948 1496 1991 seorsus
1563 1927 1719 1990 item
1786 1928 1930 2012 puri
1998 1930 2349 2016 secretique
2404 1930 2680 1994 aetheris
2724 1932 2947 2015 ignes'’
2974 1933 3037 2014 ¹).

605 2047 847 2112 Graves
914 2052 1124 2109 terrae
1191 2044 1542 2130 particulae
1611 2043 1886 2128 primum
1948 2044 2237 2125 „coibant
2282 2046 2349 2108 in
2392 2045 2602 2110 medio
2647 2053 2839 2132 atque
2885 2049 3039 2111 imas

605 2164 980 2250 capiebant”
1029 2163 1251 2243 sedes,
1298 2183 1420 2247 quo
1465 2160 1630 2225 facto
1676 2161 1824 2224 illae
1878 2182 2287 2245 „expressere
2334 2183 2410 2225 ea
2440 2184 2601 2247 quae
2630 2184 2805 2227 mare
2837 2164 3041 2228 sidera

605 2283 803 2346 solem
847 2282 1191 2367 lunamque
1239 2279 1562 2343 efficerent
1609 2284 1673 2342 et
1717 2279 1934 2362 magni
1963 2280 2215 2342 moenia
2243 2279 2546 2343 mundi”:
2593 2280 2820 2344 horum
2849 2282 3039 2344 atomi

607 2379 776 2463 enim
821 2398 1093 2461 leviores
1139 2401 1287 2460 sunt
1333 2417 1524 2480 quam
1557 2401 1783 2458 terrae.
1852 2396 2087 2478 „Ideo,
2133 2417 2247 2482 per
2277 2419 2419 2460 rara
2447 2396 2787 2479 foramina,
2834 2403 3039 2462 terrae

604 2513 890 2599 partibus
959 2533 1298 2596 erumpens
1360 2512 1602 2596 primus
1670 2532 1735 2574 se
1804 2512 2058 2574 sustulit
2124 2512 2345 2576 aether
2411 2513 2641 2596 ignifer
2702 2518 2767 2576 et
2809 2514 3039 2577 multos

606 2651 820 2695 secum
866 2629 1026 2693 levis
1071 2628 1336 2693 abstulit
1379 2627 1545 2711 ignis
1570 2677 1586 2710 ,
1632 2648 1759 2691 non
1806 2627 1931 2691 alia
1974 2629 2163 2713 longe
2208 2629 2453 2693 ratione
2498 2651 2571 2693 ac
2604 2650 2792 2716 saepe
2822 2630 3039 2695 viden-

605 2755 709 2813 tur
730 2798 746 2831 ,
813 2769 1008 2813 aurea
1059 2722 1217 2810 'cum
1285 2747 1561 2832 primum
1629 2746 2009 2830 gemmantis
2073 2767 2214 2810 rore
2282 2768 2397 2831 per
2455 2746 2685 2811 herbas
2728 2748 3040 2811 matutina

605 2865 838 2929 rubent
902 2864 1131 2929 radiati
1175 2862 1419 2927 lumina
1464 2864 1611 2927 solis
1637 2912 1653 2945 ,
1723 2864 1980 2927 exalare
2024 2863 2198 2926 lacus
2241 2864 2541 2927 nebulam
2585 2864 2888 2950 fluviique
2932 2886 3038 2949 pe-

599 3003 832 3047 rennes
858 3032 874 3065 ,
921 2982 1186 3068 ipsaque
1233 2986 1304 3043 ut
1349 2981 1517 3044 inter
1563 2980 1714 3043 dum
1760 2981 1951 3043 tellus
1995 2979 2237 3043 fumare
2282 2981 2576 3064 videtur3
2624 2982 2835 3045 omnia
2879 3002 3039 3067 quae

601 3121 850 3164 sursum
916 3120 1061 3163 cum
1129 3098 1577 3179 conciliantur,
1653 3097 1720 3159 in
1790 3097 1919 3160 alto
1994 3118 2254 3181 corpore
2330 3104 2623 3188 concreto
2690 3098 3039 3162 subtexunt

601 3216 820 3280 nubila
897 3216 1186 3280 caelum”
1213 3216 1282 3299 2).
1377 3215 1655 3278 Ultimas
1723 3235 2125 3299 summasque
2192 3214 2389 3297 igitur
2458 3216 2791 3301 occupavit
2860 3216 3039 3279 sedes

601 3334 864 3417 aether,
913 3334 1211 3420 quoniam
1255 3333 1614 3396 levissimus
1658 3338 1838 3415 erat3
1893 3331 2099 3413 „hunc
2145 3331 2408 3396 exordia
2452 3339 2599 3396 sunt
2646 3334 2795 3396 solis
2825 3334 3038 3398 lunae-

601 3473 724 3537 que
770 3452 1028 3515 secuta”
1057 3500 1072 3532 ,
1121 3457 1282 3537 quae
1310 3500 1325 3532 ,
1372 3452 1670 3535 quoniam
1703 3450 1993 3533 graviora
2024 3457 2203 3514 erant
2234 3450 2525 3533 aethere,
2551 3452 2795 3515 leviora
2826 3458 3037 3516 tamen

601 3575 812 3652 terra,
858 3569 1068 3633 locum
1112 3568 1280 3631 inter
1325 3575 1664 3652 utrumque
1712 3573 2018 3652 ceperunt
2044 3566 2107 3649 3).
2184 3568 2417 3650 Terra,
2463 3568 2664 3632 levior
2690 3566 2845 3633 'cum
2876 3576 3037 3633 esset

600 3686 774 3752 hisce
820 3686 1106 3772 partibus
1152 3686 1491 3768 detractiS,
1537 3685 1739 3768 magis
1787 3684 2053 3747 succidit
2098 3684 2207 3747 ubi
2254 3706 2421 3748 nunc
2468 3692 2564 3749 est
2592 3708 2767 3751 mare
2797 3688 3031 3751 latum:

602 3826 725 3889 quo
792 3804 994 3888 magis
1053 3809 1226 3867 terra
1271 3803 1418 3866 solis
1462 3802 1654 3865 radiis
1700 3801 2101 3887 aetherisque
2148 3808 2327 3865 aestu
2374 3804 2914 3887 condensabatur,
2962 3825 3032 3869 eo

600 3921 804 4005 magis
873 3920 1218 3985 exhalabat
1286 3921 1521 3983 salsum
1589 3920 1881 3983 sudorem
1942 3920 2008 3982 in
2053 3941 2227 3983 mare
2277 3940 2476 4005 eoque
2520 3922 2725 4005 magis
2768 3922 3035 3985 leviores

602 4059 710 4102 aer
753 4043 818 4101 et
862 4038 1028 4121 ignis
1073 4038 1140 4100 in
1186 4038 1431 4101 caelum
1477 4037 1907 4101 ascendebant
1950 4036 2167 4123 ibique
2214 4034 2839 4102 sidera'formabant.
2904 4040 3035 4121 „Si-

603 4155 838 4219 debant
901 4156 1150 4240 campi,
1213 4154 1579 4219 crescebant
1647 4154 1969 4217 montibus
2029 4155 2173 4218 altis
2218 4175 2547 4218 ascensus:
2616 4176 2823 4241 neque
2871 4156 3037 4218 enim

671 4489 706 4553 ¹)
775 4488 860 4539 Vs.
897 4491 1136 4538 432—49.

663 4582 704 4647 2)
774 4582 860 4633 Vs.
898 4585 1140 4635 457—66.

665 4676 708 4741 ³)
773 4676 859 4727 Vs.
897 4678 1136 4727 471—79.
