3529 5359
1570 385 1610 448 3

390 593 673 672 tassent,
719 587 1107 653 Graecorum
1150 586 1401 652 litterae
1447 591 1512 650 et
1556 583 1959 671 philosophia
1983 584 2350 670 irruperunt
2380 585 2813 672 nobiliumque

387 706 586 770 vitam
653 726 874 771 ornare
936 709 1299 790 coeperunt.
1391 703 1518 767 Sed
1562 703 1851 767 Platonis
1896 707 1962 766 et
2005 701 2371 767 Aristotelis
2414 701 2817 790 philosophia

389 823 600 888 minus
664 828 814 909 apta
879 827 1015 886 erat
1057 842 1315 886 romano
1364 820 1620 906 ingenio
1666 825 1928 907 propter
1973 819 2411 885 difficultatem
2455 826 2520 886 et
2564 843 2603 886 a
2644 821 2817 886 vitae

391 963 514 1007 usu
557 941 829 1006 alienam
872 941 1073 1004 ration
1083 960 1202 1004 em.

480 1061 630 1145 Ipsa
695 1057 1083 1124 Graecorum
1125 1077 1306 1120 mens
1351 1055 1686 1140 grandium
1731 1055 2189 1140 cogitationum
2233 1077 2361 1120 non
2406 1056 2679 1142 amplius
2723 1078 2825 1121 ca-

395 1199 525 1263 pax
549 1225 566 1259 ,
610 1176 738 1240 iam
785 1175 894 1239 diu
939 1175 1021 1239 ad
1065 1195 1397 1260 corporum
1443 1174 1640 1237 solam
1685 1173 2285 1258 contemplationem
2330 1194 2396 1237 se
2442 1174 2823 1238 contulerat:

396 1295 607 1358 minus
673 1294 865 1358 etiam
916 1313 1247 1359 romanum
1291 1291 1619 1374 ingenium
1664 1291 1732 1353 in
1777 1290 2064 1354 Platonis
2110 1291 2415 1354 abstrusis
2459 1290 2827 1355 notionibus

400 1417 466 1475 et
530 1409 897 1474 Aristotelis
963 1407 1623 1493 argumentationibus
1688 1407 1929 1470 versari
1999 1413 2063 1470 et
2107 1407 2323 1471 vivere
2368 1413 2659 1492 poterat,
2706 1407 2831 1472 etsi

399 1527 688 1592 nonnulli
752 1526 874 1591 viri
943 1525 1174 1590 eruditi
1227 1546 1334 1589 eos
1379 1513 1789 1611 philosophos
1835 1524 1919 1596 ob¹
1962 1524 2333 1588 eruditionis
2377 1525 2653 1611 speciem
2697 1525 2831 1590 lau-

403 1644 637 1709 dabant
681 1649 747 1708 et
791 1643 1093 1731 quosdam
1138 1642 1454 1707 faciliores
1501 1663 1719 1706 eorum
1763 1641 1958 1705 libros
2002 1636 2323 1726 legebant.
2414 1642 2677 1728 Epicuri
2720 1664 2831 1707 au-

403 1767 535 1826 tem
595 1761 877 1826 doctrina
919 1761 1122 1843 magis
1168 1781 1311 1824 cum
1357 1760 1790 1824 Romanorum
1836 1756 2101 1824 huiusce
2148 1760 2449 1846 temporis
2494 1765 2723 1826 natura
2768 1766 2834 1824 et

405 1877 733 1942 desideriis
823 1867 1264 1941 conveniebat.
1389 1874 1585 1940 Cuius
1658 1875 1752 1938 rei
1827 1873 2089 1958 Cicero,
2178 1896 2429 1961 semper
2502 1875 2835 1963 Epicureis

406 1994 712 2077 infestus,
760 2014 1013 2059 cau-sam
1058 1992 1222 2056 hanc
1269 2013 1406 2056 esse
1451 1997 1803 2056 memorat:
1880 1997 1983 2073 „et
2028 1991 2196 2078 quod
2241 1993 2567 2078 quaeritur
2610 2014 2834 2080 saepe,

409 2133 519 2176 cur
566 2117 695 2176 tam
738 2111 926 2174 multi
971 2111 1096 2174 sint
1139 2110 1480 2195 Epicurei,
1529 2113 1676 2172 sunt
1720 2109 1883 2173 aliae
1929 2129 2177 2195 quoque
2222 2131 2490 2194 causae,
2536 2112 2648 2175 sed
2677 2111 2838 2174 mul-

407 2229 744 2292 titudinem
788 2227 946 2292 haec
989 2228 1268 2292 maxime
1319 2227 1557 2308 allicit,
1604 2225 1773 2311 quod
1815 2226 1904 2290 ita
1948 2232 2175 2310 putant
2206 2227 2329 2291 dici
2358 2228 2437 2291 ab
2467 2228 2620 2312 illo,
2666 2235 2843 2294 recta

409 2351 475 2410 et
539 2345 806 2409 honesta
872 2366 1033 2431 quae
1099 2345 1266 2427 sint,
1337 2365 1414 2408 ea
1471 2344 1678 2408 facere
1723 2343 1863 2429 ipsa
1906 2365 2021 2429 per
2066 2365 2131 2408 se
2176 2344 2521 2429 laetitiam,
2590 2347 2656 2411 id
2702 2353 2839 2430 est,

408 2461 841 2547 voluptatem'’
879 2463 918 2539 ¹)
989 2467 1054 2558 et
1117 2460 1312 2524 alibi:
1388 2461 1558 2542 „sive
1627 2461 1796 2547 quod
1866 2467 2001 2525 erat
2070 2460 2415 2548 (Epicurea
2490 2463 2840 2550 disciplina)

411 2579 670 2664 cognitu
722 2579 1079 2666 perfacilis,
1149 2579 1282 2642 sive
1352 2579 1521 2665 quod
1589 2579 2025 2644 invitabantur
2085 2581 2467 2666 (multitudo)
2527 2582 2843 2647 illecebris

408 2696 656 2763 blandis
678 2697 1063 2783 voluptatis''
1089 2696 1163 2781 ²),
1195 2718 1350 2783 quas
1381 2718 1632 2780 causas,
1658 2698 1968 2783 imprimis
1999 2698 2373 2783 secundam,
2406 2700 2621 2786 plures
2650 2702 2843 2766 etiam

409 2814 605 2877 nostri
650 2814 952 2900 temporis
996 2813 1295 2877 historiae
1342 2811 1783 2899 philosophiae
1830 2814 2197 2900 scriptores,
2230 2836 2374 2879 eum
2407 2816 2647 2898 secuti,
2694 2816 2843 2880 affe-

410 2935 578 2996 runt.
645 2930 774 2995 Sed
803 2936 1018 2995 tamen
1048 2930 1157 3016 qui
1187 2929 1292 2993 vel
1323 2928 1585 3015 Epicuri
1614 2931 1719 2994 vel
1750 2931 2069 3014 Lucretii,
2113 2931 2217 2995 vel
2246 2931 2514 2995 aliorum
2544 2931 2844 3019 Epicure-

413 3069 594 3113 orum
639 3048 872 3133 scripta
913 3047 1145 3131 legerit
1174 3050 1266 3129 ³),
1312 3046 1426 3110 vix
1470 3046 1548 3111 iis
1593 3048 1888 3111 assentiri
1928 3048 2179 3133 poterit.
2257 3048 2425 3113 Nam
2455 3049 2630 3113 nullo
2660 3050 2845 3115 modo

413 3165 681 3229 aliorum
749 3162 1034 3228 doctrina
1098 3162 1256 3227 haec
1308 3162 1734 3245 „Graecorum
1780 3164 2047 3229 obscura
2088 3166 2383 3250 reperta”
2414 3169 2460 3249 4)
2508 3172 2655 3230 sunt
2699 3166 2848 3231 faci-

415 3282 592 3346 liora.
681 3281 1038 3366 Praecipua
1097 3302 1320 3363 causa,
1390 3302 1501 3345 cur
1557 3279 1781 3344 Cicero
1825 3281 1917 3346 ita
1960 3282 2314 3371 censuerit,
2385 3282 2646 3347 fortasse
2690 3261 2885 3347 haec·

415 3400 572 3483 fuit,
620 3400 787 3486 quod
831 3399 1146 3486 Epicurus
1190 3398 1516 3464 rhetorum
1561 3403 1730 3463 artes
1776 3400 2224 3463 contemnebat
2266 3422 2473 3488 neque
2519 3402 2685 3488 parti
2726 3402 2849 3466 for-

417 3517 570 3581 mali
635 3538 795 3604 quae
856 3516 1086 3581 dicitur
1143 3516 1410 3601 logices,
1456 3516 1684 3601 quibus
1751 3516 1902 3580 solis
1957 3517 2205 3581 Tullius
2260 3518 2605 3601 excelluit,
2674 3518 2849 3583 dedit

419 3654 678 3719 operam
707 3635 773 3716 ⁵).
862 3633 1118 3698 Revera
1162 3632 1564 3697 difficultates
1608 3655 1763 3720 quas
1808 3634 2096 3699 Platonis
2127 3640 2191 3698 et
2222 3634 2587 3700 Aristotelis
2616 3636 2851 3722 scripta

419 3748 850 3837 praebebant,
897 3727 1114 3814 omnes
1157 3749 1433 3815 Romani
1479 3756 1544 3813 et
1586 3750 1870 3835 ipsorum
1901 3749 2293 3815 Graecorum
2322 3773 2449 3816 non
2478 3752 2665 3838 pauci
2696 3753 2851 3817 effu-
2890 3735 2899 3743 ⁹

421 3872 689 3953 gerunt:
745 3867 856 3931 sed
901 3866 1531 3933 animadvertendum
1575 3872 1672 3931 est
1715 3867 2243 3932 Academicorum
2288 3873 2353 3932 et
2394 3869 2851 3956 Peripatetico-

422 4006 566 4049 rum
609 3984 802 4049 libros
846 3984 1159 4071 imprimis
1205 3982 1714 4067 difficultatibus,
1779 4004 1864 4049 ex
1906 3985 2061 4049 artis
2105 3959 2429 4050 vocabulis
2474 3991 2540 4050 et
2584 3986 2851 4075 argutiis

491 4244 532 4307 1)
596 4244 657 4294 de
691 4242 856 4294 Finib.
892 4242 937 4293 I.
974 4243 1001 4296 7
1020 4279 1035 4304 ,
1071 4245 1149 4293 25.

491 4338 536 4400 2)
600 4337 745 4389 Tusc.
783 4336 874 4388 IV.
911 4340 970 4398 3,
1006 4341 1052 4387 6.

492 4434 534 4494 ⁸)
599 4432 746 4483 Tusc.
801 4432 876 4483 ΙΙ.
928 4436 956 4481 3
976 4469 990 4493 ,
1042 4432 1294 4483 confessus
1343 4436 1420 4483 est
1468 4449 1520 4483 se
1570 4432 1929 4497 Epicureorum
1978 4432 2214 4482 Amafinii
2264 4438 2315 4483 et
2348 4432 2540 4483 Rabirii
2570 4431 2721 4483 libros
2753 4448 2854 4483 non

427 4526 701 4590 inspexisse
715 4564 729 4588 ,
764 4543 885 4591 quos
915 4532 1083 4577 tamen
1115 4526 1379 4592 vituperat.

494 4622 516 4654 ⁴
601 4622 748 4673 Lucr.
782 4622 827 4673 1.
869 4626 976 4673 136.

495 4624 536 4781 ⁶}
604 4716 744 4767 Brut.
780 4720 871 4778 36,
910 4720 1014 4767 131.
1083 4716 1229 4767 Tusc.
1264 4717 1339 4768 11.
1377 4720 1404 4766 3
1429 4753 1444 4778 ,
1479 4719 1540 4778 7,
1574 4721 1620 4767 8.
1687 4718 1746 4768 de
1782 4716 1894 4767 Fin.
1932 4718 1976 4767 Ι.
2015 4718 2077 4779 7,
2112 4720 2207 4778 22,
2244 4720 2322 4766 26.
2389 4716 2541 4765 Acad.
2575 4722 2702 4780 post.
2738 4716 2783 4767 Ι.
2810 4718 2855 4765 2.

2484 4809 2557 4873 1*
