3529 5359
1616 367 1737 430 1⁷3

449 578 662 657 aetas,
729 577 873 657 post
925 575 1196 635 mortem
1260 591 1423 656 quae
1488 575 1686 634 restat
1745 589 2019 654 cumque
2068 568 2427 635 manenda”
2470 571 2530 648 ¹).
2618 565 2907 634 Aeterna

449 687 645 753 animi
690 687 1149 774 tranquillitate
1174 737 1191 771 ,
1260 687 1540 750 maximo
1586 687 1752 751 bono
1798 686 2164 771 potirentur
2187 735 2204 769 ,
2276 685 2331 749 si
2375 685 2563 750 modo
2613 685 2904 755 viderent

457 807 588 888 „nil
653 805 834 868 aliud
900 804 1018 868 sibi
1074 810 1379 868 naturam
1425 803 1668 866 latrare
1695 852 1711 885 ,
1780 803 1909 867 nisi
1953 810 2026 867 ut
2053 853 2070 887 ‚
2140 804 2243 867 cui
2286 824 2543 888 corpore
2587 804 2902 867 seiunctus

451 923 632 987 dolor
698 922 900 1005 absit,
967 921 1184 986 menti'
1253 922 1524 1004 fruatur
1569 921 1843 985 iucundo
1889 942 2079 986 sensu
2104 970 2121 1004 ,
2194 942 2355 986 cura
2399 922 2661 985 semotu’
2708 927 2901 985 metu-

450 1040 608 1126 que”
633 1038 705 1124 2).
795 1039 980 1114 Quod
1025 1039 1077 1102 si
1123 1039 1322 1103 semel
1368 1043 1742 1103 consecutus
1789 1038 1957 1120 (πίε,
2018 1038 2307 1124 reliqua,
2368 1059 2532 1124 quae
2577 1038 2903 1124 appellan-

451 1162 557 1220 tur
599 1157 766 1221 bona
791 1205 808 1239 ,
867 1177 1135 1240 „gazae,
1183 1155 1482 1220 nobilitas
1507 1204 1524 1238 ‚
1571 1155 1775 1239 gloria
1819 1155 2044 1240 regni”
2090 1177 2217 1218 non
2262 1155 2479 1240 magni
2525 1160 2673 1218 sunt
2716 1155 2903 1219 aesti-

449 1273 683 1338 manda
707 1323 723 1356 ,
793 1295 937 1337 cum
1002 1273 1095 1336 nil
1164 1273 1410 1358 prosint
1472 1272 1682 1336 animo
1727 1293 1937 1360 neque
1984 1273 2231 1358 corpori
2266 1275 2331 1357 ³).
2422 1273 2666 1337 Eodem
2712 1272 2899 1338 modo

451 1390 768 1477 Epicurus
814 1411 1133 1455 summum
1178 1390 1414 1455 bonum
1462 1389 1770 1454 definivit.
1848 1393 2107 1456 Τούτων
2153 1391 2279 1476 γὰρ
2327 1389 2624 1468 ἀπλανὴς
2668 1395 2900 1476 θεωρία

452 1513 664 1575 πᾶσαν
729 1509 964 1594 αἵρεσιν
1023 1514 1120 1575 καὶ
1183 1510 1394 1595 φυγὴν
1455 1510 1791 1594 ἐπανάγειν
1855 1504 2024 1573 οἶδεν
2082 1509 2180 1573 ἐπὶ
2220 1506 2365 1583 ’τὴν
2430 1514 2543 1573 τοῦ
2609 1508 2902 1589 σώματος

453 1628 692 1712 ὑγίειαν
761 1631 856 1691 καὶ
926 1628 1044 1703 τὴν
1106 1634 1218 1702 τῆς
1283 1629 1498 1712 ψυχῆς
1568 1623 1954 1709 ἀταραξίαν,
2023 1628 2146 1690 ἐπεὶ
2193 1631 2381 1690 τοῦτο
2424 1630 2539 1691 τοῦ
2583 1629 2902 1711 μακαρίως

456 1743 571 1820 ζῆν
641 1747 770 1810 ἐστι
836 1743 1063 1822 τέλος,
1131 1746 1359 1809 τούτου
1426 1743 1552 1830 γὰρ
1611 1743 1803 1829 χάριν
1852 1741 2096 1808 ἅπαντα
2143 1743 2495 1829 πράττομεν
2541 1745 2716 1824 ὅπως
2760 1743 2899 1824 μήτ’

455 1859 753 1944 ἀλγῶμεν
795 1863 943 1940 μήτε
989 1855 1327 1944 ταρβῶμεν
1379 1878 1395 1894 ·
1462 1861 1616 1924 ὅταν
1661 1855 1718 1924 δ’
1767 1855 1938 1932 ἅπαξ
1979 1863 2171 1923 τοῦτο
2213 1863 2351 1944 περὶ
2398 1860 2562 1938 ἡμᾶς
2606 1861 2856 1944 γένηται
2882 1905 2901 1936 ,

456 1975 667 2042 λύεται
734 1981 861 2055 πῖις
907 1979 943 2040 ὁ
990 1984 1102 2051 τῆς
1149 1978 1363 2062 ψυχῆς
1411 1977 1686 2062 χειμών,
1754 1975 1870 2040 οὐκ
1915 1974 2184 2060 ἔχοντος
2230 1981 2342 2040 τοῦ
2390 1972 2561 2061 ζῴου
2607 1971 2899 2059 βαδίζειν

458 2094 545 2169 ὡς
612 2091 989 2180 προςενὸἑον
1046 2121 1103 2158 τι
1164 2097 1261 2159 καὶ
1330 2093 1536 2169 ζητεῖν
1599 2094 1810 2176 ἕτερον
1856 2090 1906 2178 ᾧ
1966 2093 2039 2156 τὸ
2100 2100 2211 2168 τῆς
2257 2095 2474 2178 ψυχῆς
2520 2097 2618 2157 καὶ
2664 2093 2737 2157 τὸ
2781 2097 2897 2158 τοῦ

459 2211 747 2291 σώματος
815 2211 1066 2297 ἀγαθὸν
1129 2209 1734 2294 συμπληρωθήσεται
1763 2210 1829 2290 4).
1921 2207 1990 2271 Si
2057 2207 2199 2293 quis
2264 2206 2385 2271 hoc
2432 2228 2747 2271 summum
2792 2207 2902 2272 bo-

455 2347 608 2390 num
653 2327 771 2390 sibi
818 2327 1104 2413 quaerit,
1152 2327 1315 2390 bene
1363 2333 1428 2390 et
1457 2326 1623 2390 iuste
1657 2326 1833 2389 vivat
1863 2345 2123 2388 necesse
2156 2330 2272 2388 est.
2319 2323 2490 2411 Ὅτῳ
2520 2328 2603 2406 μὴ
2638 2326 2903 2412 ὑπάρχει

456 2443 573 2520 ζῆν
617 2447 940 2530 φρονίμως
988 2449 1084 2510 καὶ
1133 2443 1346 2520 καλῶς
1393 2449 1489 2509 καὶ
1538 2441 1831 2518 δικαίως,
1879 2443 1994 2508 οὐκ
2039 2443 2166 2507 ἔστι
2210 2451 2443 2507 τοῦτον
2473 2439 2671 2517 ἡδέως
2701 2439 2903 2524 ζῆν5).

455 2559 656 2623 Parce
699 2559 877 2626 vivit.
973 2559 1195 2641 „Quod
1241 2560 1292 2622 si
1337 2559 1476 2645 quis
1519 2579 1674 2623 vera
1715 2559 1917 2627 vitam
1962 2557 2207 2622 ratione
2254 2557 2591 2642 gubernet,
2641 2556 2901 2623 divitiae

456 2678 728 2762 grandes
793 2676 1036 2743 homini
1091 2683 1238 2742 sunt
1283 2677 1502 2742 vivere
1549 2698 1737 2763 parce
1785 2697 1987 2763 aequo
2034 2675 2285 2740 animo:
2334 2696 2544 2762 neque
2592 2674 2762 2740 enim
2808 2681 2906 2739 est

455 2817 734 2882 unquam
801 2797 1069 2882 penuria
1113 2796 1336 2882 parvi”
1370 2797 1434 2879 ὃ).
1529 2798 1768 2881 Χάρις,
1836 2793 2153 2880 Epicurus
2197 2794 2449 2879 inquit,
2518 2799 2596 2881 τῇ·
2638 2799 2905 2880 μακαρίᾳ

457 2918 676 3000 φῦσει,
739 2918 833 2980 ὅτι
878 2918 953 2980 τὰ
1000 2916 1309 3001 ἀναγκαῖα
1356 2917 1644 2991 ἐποίησεν
1692 2914 2029 2997 εὐπόριστα
2059 2962 2076 2989 ,
2122 2916 2197 2978 τὰ
2246 2910 2308 2979 δὲ
2355 2908 2743 2996 δυσπόριστα
2791 2912 2906 2977 οὐκ

458 3030 784 3119 ἀναγκαῖα.
878 3036 950 3098 Εἰ
1016 3030 1249 3118 βούλει
1307 3030 1625 3098 πλούσιόν
1669 3060 1808 3095 τινα
1853 3040 2140 3109 ποιῆσαι,
2213 3031 2296 3112 μὴ
2344 3032 2663 3116 χρήμασιν
2708 3057 2905 3115 προς-

457 3152 647 3225 τίθει,
693 3158 804 3225 τῆς
851 3146 913 3214 δὲ
960 3151 1288 3230 ἐπιθυμίας
1333 3148 1575 3234 ἀφαίρει
1613 3146 1678 3226 ⁷).
1753 3146 2053 3211 Honores
2100 3152 2165 3210 et
2209 3167 2478 3231 regnum
2523 3168 2653 3210 non
2697 3147 2901 3233 cupit:

466 3264 699 3346 „satius
763 3265 965 3328 multo
1010 3265 1138 3328 iam
1185 3265 1326 3347 (est)
1376 3285 1600 3350 parere
1646 3264 1936 3350 quietum
1981 3285 2173 3349 quam
2218 3283 2442 3347 regere
2488 3261 2757 3348 imperio
2801 3283 2905 3327 res

458 3382 626 3445 velle
672 3387 736 3446 et
780 3403 980 3466 regna
1024 3382 1286 3446 tenere”
1321 3380 1392 3464 ⁸).
1489 3382 1845 3468 „Epicurus
1891 3382 2021 3445 ait:
2066 3403 2196 3445 non
2242 3380 2501 3445 accedet
2539 3380 2622 3445 ad
2649 3402 2904 3467 rempu-

459 3498 690 3563 blicam
761 3500 1054 3586 sapiens‚
1121 3499 1246 3563 nisi
1313 3499 1366 3565 si
1434 3499 1586 3584 quid
1652 3499 2112 3563 intervenerit”
2144 3505 2188 3563 ⁹.
2278 3497 2584 3562 Amorem
2653 3498 2905 3584 sapiens

459 3616 720 3701 vitabit,
767 3617 1065 3703 quoniam
1109 3617 1392 3682 animum
1439 3616 1776 3681 conturbat
1801 3665 1817 3698 ,
1872 3637 2162 3702 „unaque
2214 3636 2317 3680 res
2360 3614 2520 3679 haec
2552 3621 2678 3699 est,
2725 3616 2905 3680 cuius

526 3955 564 4019 ¹)
635 3954 758 4006 III:
800 3955 922 4008 1070
957 3970 1094 4021 seqq.

523 4049 566 4114 ²)
632 4049 724 4112 ΙΙ,
762 4053 821 4099 16
855 4065 989 4115 seqq.

523 4144 563 4209 ⁸)
633 4143 725 4206 ΙΙ,
762 4148 822 4194 23
858 4160 998 4209 seqq.

523 4238 569 4304 ⁴)
632 4239 697 4289 D.
733 4240 792 4290 L.
826 4240 912 4301 X,
949 4242 1058 4289 128.

525 4334 565 4398 ⁵)
631 4334 692 4385 D.
729 4336 788 4386 L.
823 4334 906 4396 X,
945 4337 1057 4384 140.

523 4428 564 4495 ⁶)
631 4430 703 4492 V,
741 4431 865 4483 1117
900 4446 1033 4496 seqq.
1103 4429 1180 4481 cf.
1214 4428 1324 4491 VI,
1360 4432 1389 4479 9
1423 4444 1558 4495 seqq.
1627 4428 1720 4490 11,
1768 4431 1830 4478 20
1865 4443 2001 4494 seqq.

525 4521 562 4581 ⁷)
630 4521 765 4573 εισι).
801 4522 973 4573 mora.
1010 4523 1100 4585 17,
1136 4526 1230 4585 23,
1266 4526 1327 4575 24
1359 4522 1443 4588 (Ι,
1477 4524 1602 4584 282,
1649 4522 1755 4582 Μ.).

524 4618 561 4676 ⁸)
626 4618 707 4680 V,
744 4618 868 4671 1127
902 4634 1036 4683 seqq.

525 4712 567 4777 ⁹)
638 4712 807 4763 Senec.
842 4714 903 4763 dc
938 4712 1052 4763 Otio
1087 4712 1200 4777 Sap.
1238 4716 1317 4762 30.
