3529 5359
1630 364 1750 426 179

472 562 606 626 curi
663 570 880 629 mente
942 563 1286 628 decessisse
1355 564 1605 629 dicitur.
1696 565 2047 654 Plerosque
2112 573 2363 651 tamen,
2425 570 2479 633 si
2522 577 2695 635 recte
2738 570 2914 636 vide-

469 703 653 764 mus,
721 680 843 746 hoc
888 681 1151 765 fefellit,
1222 682 1390 768 quod
1452 683 1826 747 Lucretium
1873 705 2018 747 cum
2080 685 2466 771 Empedocle
2512 694 2913 773 comparant,

471 803 815 884 antequam
875 803 1234 862 accuratam
1298 799 1700 862 collationem
1747 799 2117 864 Lucretiani
2150 801 2447 866 carminis
2476 824 2620 866 cum
2651 802 2913 888 Epicuri

471 915 849 999 scriptorum
893 915 1178 1000 reliquiis
1223 915 1661 998 instituerint,
1719 937 1843 1002 quo
1888 915 2128 980 factum
2174 924 2271 982 est
2317 925 2388 982 ut
2432 920 2913 1004 congruentiam

473 1032 790 1117 quandam
835 1032 1400 1096 animadverterint
1444 1033 1613 1096 inter
1659 1033 1815 1096 duos
1857 1033 2000 1097 illos
2045 1040 2265 1119 poetas
2291 1083 2308 1117 ,
2353 1057 2482 1099 non
2526 1042 2741 1100 tamen
2772 1058 2914 1122 per-

474 1150 803 1235 spexerint
876 1156 1131 1236 poetam
1210 1150 1370 1214 haec
1447 1151 1878 1236 Empedoclea
1946 1151 2115 1216 dicta
2184 1173 2268 1216 ex
2337 1153 2600 1239 Epicuri
2667 1155 2918 1241 scriptis

472 1263 728 1329 haurire
790 1265 1112 1352 potuisse,
1184 1286 1374 1351 quem
1433 1265 1848 1350 Agrigentini
1906 1268 2141 1353 scripta
2183 1269 2416 1352 legisse
2462 1290 2679 1334 omnes
2722 1270 2911 1335 facile

473 1383 843 1448 concedunt.
955 1383 1158 1447 Nobis
1231 1383 1431 1467 igitur
1498 1383 2018 1468 investigandum
2090 1391 2213 1469 est,
2288 1407 2444 1450 num
2517 1387 2585 1451 in
2630 1388 2915 1453 Lucretii

475 1501 750 1566 carmine
819 1506 992 1564 certa
1036 1500 1269 1564 indicia
1313 1501 1760 1584 inveniantur,
1810 1522 1845 1565 e
1893 1502 2123 1587 quibus
2168 1525 2309 1566 cum
2356 1504 2680 1568 evidentia
2723 1527 2915 1591 appa-

473 1624 610 1682 reat
679 1640 826 1682 eum
885 1617 1354 1703 Empedocleae
1417 1617 1859 1703 philosophiae
1928 1620 2071 1704 plus
2118 1641 2347 1705 operae
2396 1621 2679 1706 dedisse,
2725 1644 2917 1708 quam

473 1742 786 1822 quatenus
831 1756 916 1799 ex
960 1735 1223 1821 Epicuri
1269 1735 1521 1820 scriptis
1569 1757 1710 1800 eam
1757 1758 2008 1800 sumere
2054 1738 2353 1822 potuerit.

559 1852 638 1916 In
703 1852 865 1916 libro
925 1852 998 1932 I,
1070 1872 1160 1914 vs.
1232 1853 1527 1913 716—33
1591 1850 1932 1915 Lucretius
1994 1853 2176 1916 elatis
2220 1855 2582 1941 pulcrisque
2628 1856 2917 1920 versibus

474 1969 693 2034 laudes
738 1970 908 2034 canit
955 1969 1084 2032 divi
1130 1968 1578 2054 Empedoclis,
1641 1990 1797 2054 quos
1842 1991 2063 2034 versus
2108 1971 2496 2036 Miillachius
2540 1972 2801 2037 adhibet
2844 1979 2917 2038 ut

475 2087 740 2172 probet,
795 2086 1153 2168 „neminem
1200 2085 1368 2148 inter
1411 2086 1654 2170 priores
1702 2086 2061 2150 divinarum
2106 2087 2657 2175 humanorumque
2704 2110 2917 2154 rerum

475 2204 810 2288 magistros
873 2204 1079 2288 magis
1137 2203 1633 2287 Agrigentinum
1693 2210 1907 2266 vatem
1955 2204 2337 2268 admiratum
2384 2212 2574 2292 atque
2620 2208 2687 2271 in
2732 2228 2917 2292 argu-

475 2328 690 2386 mento
760 2324 1046 2408 quamvis
1108 2321 1397 2385 dissimili
1456 2327 1744 2385 secutum
1793 2342 1931 2385 esse
1960 2372 1976 2404 ,
2022 2344 2212 2408 quam
2258 2323 2333 2387 Τ.
2381 2324 2753 2388 Lucretium
2800 2325 2917 2390 Oa-

476 2442 658 2505 rum”
695 2442 766 2524 ¹).
821 2441 1165 2522 Attamen,
1213 2439 1400 2526 quid,
1431 2461 1664 2524 quaeso
1693 2489 1708 2521 ,
1757 2441 2085 2503 continent
2113 2440 2183 2504 hi
2213 2461 2455 2525 1018118,
2488 2443 2657 2507 1111ᾱο
2689 2444 2916 2508 merito

478 2559 852 2623 concludere
897 2559 1098 2644 possis
1143 2564 1398 2644 poetam
1444 2557 1899 2642 Empedoclem
1944 2579 2070 2621 non
2108 2558 2275 2622 fama
2309 2560 2441 2623 sola
2468 2580 2692 2624 verum
2723 2561 2919 2624 etiam

479 2677 726 2764 scriptis
769 2678 1010 2741 nosse?
1099 2676 1527 2741 Continentne
1575 2676 1777 2739 ullum
1822 2675 2101 2758 factum,
2150 2676 2319 2763 quod
2360 2677 2552 2763 lippis
2599 2685 2663 2742 et
2707 2685 2917 2743 tonso-

477 2796 652 2860 ribus
738 2817 865 2860 non
951 2801 1174 2859 notum
1246 2794 1482 2858 fucrit?
1591 2794 1738 2879 Ipse
1807 2793 2293 2879 Agrigentinusa
2340 2796 2612 2860 cecinit:
2683 2796 2917 2884 χαίρετ’

480 2917 601 3001 ἐγὼ
664 2911 715 2981 δ’
784 2912 972 2997 ὔμμιν
1039 2916 1188 2992 θεὸς
1249 2910 1614 2997 ἄμβροτος,
1688 2914 1888 2986 οὐκέτι
1933 2915 2173 2987 θνητός
2195 2910 2278 2995 ²),
2354 2912 2465 2976 sed
2508 2911 2629 2976 hoc
2677 2912 2915 2977 dictum

478 3051 686 3094 nonne
729 3036 866 3094 erat
909 3030 1409 3115 pervulgatum?
1435 3032 1503 3106 ³).
1597 3027 1966 3091 Lucretiani
2011 3049 2232 3091 versus
2278 3027 2735 3114 Empedoclem
2779 3036 2917 3094 tan-

481 3153 611 3210 tam
670 3147 1066 3233 depingunt,
1136 3146 1388 3232 qualem
1434 3144 1602 3208 fama
1647 3149 1712 3207 et
1759 3144 2092 3208 admiratio
2140 3145 2321 3230 quasi
2365 3166 2481 3230 per
2524 3167 2750 3209 manus
2795 3151 2921 3210 tra-

393 3308 398 3311 -
482 3262 613 3327 dita
679 3284 826 3328 eum
892 3262 1255 3327 laudabant.
1346 3261 1692 3324 Praeterea
1759 3266 1904 3346 post
1970 3267 2213 3325 tantam
2279 3261 2533 3326 laudem
2587 3268 2921 3348 exspectas

481 3388 734 3467 poetam
802 3402 1170 3467 germanam
1236 3379 1641 3465 Empedoclis
1704 3378 2054 3442 doctrinam
2116 3380 2465 3443 relaturum
2512 3400 2648 3444 esse
2667 3430 2684 3464 ,
2753 3379 2922 3465 quod

481 3504 695 3564 tamen
763 3501 1060 3564 omittens
1129 3520 1272 3563 eam
1334 3498 1425 3561 ita
1493 3519 1638 3561 cum
1706 3496 1981 3560 aliorum
2051 3496 2352 3560 doctrinis
2412 3496 2783 3580 coniungit,
2850 3502 2921 3559 ut

483 3616 763 3701 singulas
832 3617 1189 3681 discernere
1255 3637 1384 3679 non
1445 3614 1667 3700 possis.
1762 3613 1933 3687 Quin
2002 3613 2195 3677 etiam
2265 3634 2301 3676 e
2369 3634 2493 3677 vss.
2566 3615 2687 3677 753
2744 3633 2916 3699 seqq.

482 3740 660 3820 patet
719 3754 865 3799 eum
937 3756 1019 3798 ne
1086 3734 1440 3819 inspexisse
1509 3731 1767 3818 quidem
1844 3731 2080 3813 libros,
2130 3730 2238 3816 qui
2272 3730 2659 3813 doctrinam,
2728 3751 2920 3816 quam

479 3850 754 3934 refellit,
815 3852 1162 3916 continent.
1251 3849 1359 3914 An
1425 3855 1614 3935 putas
1679 3848 1815 3911 fore
1874 3854 1947 3912 ut
2016 3848 2411 3934 scripsisset,
2466 3846 2627 3930 „huc
2674 3847 2919 3912 accedit

481 3969 615 4032 utei
634 4019 650 4052 ,
717 3969 1016 4055 quoniam
1082 3969 1428 4053 primordia
1493 3989 1707 4031 rerum
1774 3966 1993 4030 mollia
2070 3966 2505 4048 constituunt,
2584 3986 2745 4051 quae
2804 3985 2919 4029 nos

482 4086 700 4151 nativa
770 4087 1061 4151 videmus
1128 4107 1266 4150 esse
1323 4092 1388 4149 et
1421 4085 1710 4149 -mortali
1776 4104 1921 4147 cum
1989 4103 2293 4168 corpore,
2362 4082 2647 4146 funditus
2719 4102 2921 4167 usque

485 4201 714 4267 debeat
780 4203 862 4267 ad
920 4203 1121 4267 nilum
1178 4202 1308 4267 iam
1367 4223 1580 4266 rerum
1643 4222 1889 4264 summa
1947 4200 2185 4264 reverti
2246 4199 2324 4263 de
2384 4200 2641 4286 niloque
2700 4204 2925 4264 renata

482 4318 809 4404 vigescere
854 4320 1037 4405 copia
1078 4319 1332 4384 rerum‘'
1362 4369 1378 4402 ,
1425 4320 1477 4383 si
1523 4318 1693 4404 apud
1739 4317 2197 4403 Empedoclem
2240 4316 2543 4401 legisset:

549 4524 587 4589 ¹)
657 4524 855 4588 Fragm.
889 4522 1011 4586 phil.
1048 4523 1104 4582 Ι,
1138 4539 1187 4587 p.
1222 4522 1377 4573 XIV:

546 4616 590 4681 ²)
655 4618 720 4669 D.
753 4618 812 4669 L.
845 4616 983 4668 VIII
1002 4653 1016 4678 ‚
1057 4620 1136 4669 62.

547 4712 588 4776 ³)
655 4713 844 4775 Zeller‚
882 4712 942 4773 Ι,
978 4713 1104 4773 678,
1137 4714 1240 4762 not.
1279 4714 1322 4760 1.
