3529 5359
1611 368 1692 432 85

448 567 774 651 vallum”‚
844 569 1223 654 praecedere
1293 569 1527 642 debent
1592 590 1682 633 νε.
1736 569 1856 632 145
1904 587 2073 652 seqq.
2108 572 2185 651 ¹),
2255 567 2366 631 ubi
2420 567 2577 632 haec
2620 567 2877 632 uberius

419 671 801 748 'tractantur
868 692 932 749 et
996 686 1227 772 partim
1287 686 1720 750 emendantur.
1810 684 2102 770 Denique
2148 705 2240 747 νε.
2297 687 2422 748 225
2469 705 2637 771 seqq.
2686 685 2876 770 aptis-

447 801 592 864 simi
637 809 821 878 sunt,
871 804 978 890 qui
1024 805 1359 867 transitum
1401 803 1632 868 faciant
1677 801 1757 866 ad
1802 823 1893 865 νε.
1948 803 2087 864 143.
2187 800 2301 864 Vs.
2350 803 2472 865 216
2520 802 2688 865 enim
2733 823 2876 865 con-

448 917 650 982 cludit
714 925 904 1005 poeta
956 941 1082 984 esse
1126 921 1494 1000 simulacra,
1566 941 1658 983 νε.
1707 892 1830 982 227
1880 939 1955 981 ea
1997 923 2322 1003 perpetuo
2368 919 2537 981 mitti
2581 937 2615 981 e
2660 939 2875 1003 corpo-

446 1035 624 1100 ribus
643 1085 660 1119 ,
705 1058 795 1101 νε.
834 1040 954 1102 143
1001 1039 1279 1123 explicat
1323 1043 1560 1124 quanta
1604 1036 1927 1100 celeritate
1976 1035 2278 1098 oriantur.
2368 1035 2617 1098 Horum
2660 1040 2873 1098 autem

445 1153 803 1216 consecutio
848 1153 901 1216 si
945 1154 1088 1217 talis
1134 1160 1262 1237 est,
1309 1159 1662 1218 ceterorum
1709 1151 1858 1216 ordo
1902 1149 2050 1214 inde
2096 1153 2397 1238 sequitur.

533 1268 632 1332 De
677 1269 999 1334 celeritate
1045 1275 1394 1334 atomorum
1438 1269 1751 1356 Epicurus
1799 1268 1949 1331 dicit
1971 1271 2055 1346 2):
2102 1273 2417 1354 χρήσιμον
2450 1266 2525 1346 δὴ
2558 1275 2655 1335 καὶ
2684 1276 2871 1335 τοῦτο

514 1541 550 1602 ¹)
629 1545 673 1592 V
669 1545 818 1591 itt-um
881 1559 994 1592 cum
1057 1543 1223 1593 Mum.
1287 1545 1398 1608 lego
1462 1561 1550 1608 pro
1595 1552 1774 1594 vestem.
1860 1543 2081 1608 Briegeri
2129 1543 2517 1594 emendationem
2573 1559 2744 1595 versus
2781 1545 2871 1597 197

447 1633 650 1699 (Ρ111101.
700 1635 903 1686 XXIX.
958 1653 1070 1702 pag.
1123 1639 1236 1704 437)
1288 1638 1493 1702 probare
1542 1655 1641 1688 non
1673 1655 1899 1702 possum:
1953 1655 2052 1689 non
2085 1638 2228 1689 video
2266 1654 2355 1688 cur
2388 1643 2589 1700 „quavis
2620 1644 2873 1702 penetrare

444 1736 630 1794 queant
674 1732 752 1778 sd’
788 1748 887 1781 non
919 1749 1036 1784 vero
1067 1738 1288 1797 „quasvis
1321 1735 1426 1783 res’'
1461 1739 1730 1799 penetrare.

511 1824 552 1886 2)
620 1825 684 1874 D.
737 1825 794 1876 L.
850 1828 912 1876 X.
962 1831 1039 1880 47.
1106 1829 1268 1880 Verba
1298 1829 1450 1879 haec:
1501 1829 1752 1894 χρήσιμον
1788 1829 1849 1890 δὴ
1884 1831 1966 1879 καὶ
2000 1832 2151 1880 τοῦτο
2186 1833 2465 1893 κατασχεῖν
2500 1834 2558 1880 τὸ
2592 1833 2870 1894 στοιχεῖον,
2955 1825 2959 1830 ’

441 1919 559 1979 ἤτοι
606 1921 685 1971 ὅτι
733 1922 797 1971 τὰ
839 1920 1018 1971 εἴδωλα
1070 1927 1184 1981 ταῖς
1238 1925 1548 1984 λεπτότησιν
1591 1923 2005 1987 ἀνυπερβλήτοις
2038 1923 2283 1988 κέχρηται
2320 1936 2331 1949 ·
2365 1919 2406 1988 ᾦ
2438 1923 2598 1986 μηθὲν
2632 1924 2873 1987 ἀντιμαρ·

441 2017 585 2076 τυρεῖ
629 2019 734 2065 τῶν
783 2017 1094 2080 φαινομένων
1132 2029 1145 2043 ·
1183 2018 1215 2078 ἢ
1248 2018 1327 2068 ὅτι
1360 2019 1440 2066 καὶ
1476 2018 1608 2082 τάχη
1643 2017 2017 2080 ἀνυπέρβλητα
2050 2017 2153 2082 ἔχει
2182 2019 2358 2067 πάντα
2393 2017 2555 2082 πόρον
2588 2016 2873 2081 σύμμετρον

437 2108 627 2171 ἔχοντα
662 2111 792 2174 πρὸς
825 2113 900 2174 τῷ
932 2112 1126 2176 ἀπείρῳ
1159 2113 1334 2162 αὐτῶν
1365 2113 1526 2176 μηθὲν
1559 2115 1885 2163 ἀντικόπτειν
1918 2113 1950 2173 ἢ
1984 2110 2115 2178 ὀλίγ’
2152 2114 2509 2172 ἀντικόπτειν,
2556 2113 2783 2170 πολλαῖς
2820 2110 2867 2160 δὲ

443 2205 530 2252 καὶ
575 2206 801 2270 ἀπείροις
848 2207 1002 2264 εὐθὺς
1050 2209 1376 2258 ἀντικόπτειν
1424 2227 1473 2258 τι
1517 2243 1531 2268 ,
1565 2207 1707 2280 plura
1737 2206 2021 2266 continent,
2057 2222 2181 2270 quae
2213 2207 2515 2255 emendanda
2546 2210 2677 2255 sunt.
2746 2205 2872 2256 Cum

445 2299 745 2351 Schneidero
779 2305 829 2350 et
859 2301 1117 2352 Ambrosio
1151 2301 1411 2366 („perutile
1444 2307 1518 2352 est
1549 2309 1702 2350 autem
1734 2307 1786 2351 et
1815 2301 1908 2352 hoc
1940 2301 2160 2366 tenere’')
2196 2317 2297 2350 non
2330 2300 2668 2364 corrigendum
2701 2306 2775 2350 est
2808 2300 2870 2362 δὴ

441 2395 502 2444 in
534 2395 600 2444 δὲ.
649 2395 768 2446 Post
797 2397 996 2447 brevem
1029 2396 1160 2446 enim
1192 2397 1584 2460 explanationem
1607 2398 1666 2446 de
1685 2397 1928 2447 tenuitate
1952 2401 2001 2446 et
2022 2401 2161 2446 motu
2181 2411 2271 2459 per
2292 2411 2509 2447 vacuum
2532 2395 2602 2444 sic
2625 2395 2873 2445 concludit

439 2489 716 2552 Epicurus:
764 2490 974 2553 perutile
1006 2496 1080 2540 est
1111 2490 1266 2555 igitur
1299 2495 1348 2540 et
1379 2492 1471 2541 hoc
1509 2491 1678 2556 (τοῦτο
1713 2491 1803 2540 Kr.
1840 2490 1923 2539 Gr.
1964 2488 1985 2550 ἕ
2022 2493 2113 2550 51,
2164 2491 2189 2541 7
2216 2491 2261 2539 A
2288 2489 2337 2554 3)
2362 2493 2527 2538 tenere
2548 2488 2867 2550 elementum,

439 2601 618 2650 nempe
669 2589 774 2649 (pro
821 2586 1043 2636 codicum
1074 2585 1282 2637 lectione
1313 2588 1403 2637 εἷθ’
1439 2587 1701 2650 legendum
1733 2591 1809 2635 est
1842 2587 1953 2646 ἤτοι
1988 2603 2045 2630 =
2080 2589 2255 2646 nempe)
2293 2585 2423 2649 quod
2457 2587 2576 2648 (non
2608 2583 2751 2634 video
2783 2600 2871 2633 cur

441 2682 525 2733 ὅτι
573 2681 654 2731 hic
703 2684 925 2743 quoniam
957 2681 1234 2747 significare
1279 2682 1480 2743 debeat,
1529 2697 1643 2731 oum
1673 2686 1841 2730 tamen
1872 2681 1927 2729 in
1960 2678 2105 2729 initio
2140 2681 2161 2745 §
2197 2683 2258 2729 48
2294 2678 2382 2729 ubi
2414 2682 2474 2730 de
2508 2681 2677 2730 eodem
2708 2679 2861 2731 verbo

441 2778 718 2839 κατασχεῖν
765 2776 946 2838 pendet
961 2810 976 2836 ‚
1029 2792 1117 2840 per
1147 2778 1274 2838 quod
1303 2779 1542 2838 vertatur)
1579 2774 1839 2824 simulacra
1871 2772 2195 2823 tenuitatibus
2231 2773 2435 2822 summis
2468 2778 2678 2822 utuntur
2712 2774 2867 2837 (quod

439 2884 531 2933 per
561 2869 852 2933 epexegesin
884 2886 1054 2920 rursus
1085 2870 1300 2934 explicat
1315 2906 1330 2932 ‚
1363 2872 1426 2919 ad
1455 2870 1829 2919 fundamentum
1861 2868 2013 2919 totius
2046 2868 2151 2919 eius
2183 2868 2371 2932 logicae
2404 2867 2525 2919 artis
2556 2868 2609 2917 id
2630 2868 2865 2929 referens,

443 2980 621 3028 nempe
667 2964 722 3014 id
769 2981 943 3015 verum
987 2980 1090 3016 esse
1124 2968 1254 3031 quod
1287 2966 1508 3016 sensibus
1540 2965 1776 3030 probatur
1807 2970 1895 3014 aut
1926 2981 2025 3014 non
2056 2964 2317 3026 refellitur)
2352 2963 2433 3013 cui
2465 2962 2593 3011 nihil
2624 2978 2684 3012 ex
2716 2978 2863 3027 appa-

439 3059 664 3109 rentibus
695 3060 996 3122 reclamitat,
1033 3061 1139 3125 (pro
1171 3062 1203 3123 ἢ
1235 3064 1315 3113 ὅτι
1347 3066 1431 3112 καὶ
1467 3078 1578 3111 cum
1615 3059 1909 3111 Schneidero
1941 3060 2049 3123 lege
2083 3061 2166 3109 neat
2198 3060 2278 3110 ὅτι
2310 3060 2410 3117 καὶ)
2434 3063 2542 3107 tum
2565 3056 2712 3107 etiam
2735 3058 2866 3122 quod

441 3154 714 3205 celeritates
763 3154 948 3205 habent
995 3155 1348 3220 insuperabiles
1366 3194 1378 3217 ,
1430 3155 1726 3221 ubicumque
1770 3155 2034 3205 transitum
2066 3159 2235 3218 aptum
2266 3152 2499 3203 habentia
2536 3152 2640 3217 (pro
2689 3154 2862 3204 πάντα

439 3250 612 3300 malim
644 3254 816 3312 πάντη
839 3252 945 3302 sive
969 3252 1141 3317 πάντῃ
1167 3269 1180 3313 ;
1213 3252 1377 3301 Lucr.:
1407 3256 1463 3301 ut
1485 3250 1684 3317 quasvis
1706 3256 1961 3316 penetrare
1982 3254 2165 3315 queant
2184 3264 2287 3298 res:
2324 3247 2596 3299 versionem
2616 3255 2864 3310 „meatum

439 3345 720 3395 modicum’'
755 3363 856 3396 non
887 3345 1076 3411 probo).

507 3440 646 3497 Quae
676 3445 785 3490 tum
817 3446 1091 3506 sequuntur
1119 3457 1221 3491 non
1251 3441 1516 3506 intellego;
1551 3440 1671 3507 quid
1703 3444 1781 3491 est
1812 3445 1869 3493 rb
1902 3441 2113 3505 ἄπειρον
2134 3441 2307 3491 αὐτῶν
2334 3438 2609 3503 (εἰδώλων),
2631 3437 2714 3488 cui
2735 3437 2863 3486 nihil

440 3534 523 3585 vel
553 3551 710 3599 pauca
740 3535 976 3586 resistunt
998 3537 1020 3585 Ρ
1050 3552 1148 3602 quo
1179 3537 1488 3586 referendum
1520 3542 1593 3586 est
1623 3536 1749 3585 illud
1794 3536 2061 3594 πολλαῖςὲ
2110 3536 2172 3584 ad
2209 3540 2458 3584 atomosne
2491 3549 2604 3583 cum
2625 3535 2685 3583 de
2707 3532 2861 3582 simu·

439 3628 586 3679 lacris
630 3646 787 3681 sermo
836 3630 943 3680 sit?
989 3630 1197 3683 Videtur
1244 3630 1368 3681 mihi
1399 3631 1716 3695 philosophus
1749 3631 1842 3680 hoc
1875 3630 2033 3680 dicere
2056 3647 2067 3679 τ
2119 3628 2354 3695 quamdiu
2386 3628 2441 3677 in
2474 3627 2669 3678 infinito
2702 3628 2862 3691 spatio

439 3724 620 3789 partim
667 3742 825 3777 vacuo
855 3726 1034 3790 partim
1067 3742 1176 3777 aere
1208 3727 1392 3791 repleto
1425 3732 1669 3791 vagantur
1700 3726 1961 3775 simulacra
1977 3762 1990 3787 ‚
2041 3724 2169 3773 nihil
2200 3725 2281 3776 vel
2312 3740 2469 3788 pauca
2499 3724 2561 3773 iis
2592 3724 2857 3773 resistent:

441 3837 554 3871 cum
601 3826 767 3871 autem
814 3824 876 3871 ad
923 3827 1104 3871 terram
1135 3828 1377 3872 venerunt
1409 3822 1576 3872 statim
1607 3821 1778 3871 multis
1810 3822 1955 3871 rebus
1987 3820 2357 3883 refringuntur:
2411 3819 2568 3869 multa
2601 3818 2861 3869 simulacra

438 3931 527 3980 per
570 3916 785 3980 spatium
832 3916 998 3966 statim
1031 3918 1094 3965 ad
1126 3917 1290 3967 oculos
1322 3920 1609 3981 penetrant:
1658 3916 1756 3965 alia
1788 3922 1953 3965 tamen
1984 3916 2197 3980 primum
2227 3914 2565 3978 refringuntur
2597 3915 2678 3965 vel
2711 3914 2860 3963 etiam

440 4024 497 4059 eo
528 4008 634 4073 ipso
667 4011 729 4059 ad
762 4010 928 4060 oculos
958 4026 1059 4060 non
1078 4010 1386 4075 perveniunt.
1453 4011 1564 4061 Hoc
1596 4010 1763 4075 itaque
1794 4012 1954 4075 legere
1976 4010 2156 4062 velim:
2194 4010 2273 4060 διὰ
2297 4014 2355 4062 τὸ
2390 4012 2445 4061 ἐν
2468 4012 2657 4077 ἀπείρῳ
2680 4011 2859 4070 αὐτοῖς

437 4106 597 4167 μηθὲν
629 4107 954 4157 ἀντικόπτειν
988 4108 1020 4168 ἢ
1054 4105 1178 4173 ὀλίγ’
1212 4108 1538 4157 ἀντικόπτειν
1573 4106 1771 4171 (ἄλλοις
1805 4106 1855 4157 δὲ
1888 4108 1972 4156 καὶ
2003 4108 2229 4170 ἀπείροις
2262 4108 2415 4166 εὐθὺς
2448 4108 2739 4157 ἀντικόπτει
2772 4105 2857 4170 τι.)

503 4199 640 4256 Quae
687 4202 1014 4264 praecedunt:
1073 4203 1134 4252 οὐ
1179 4204 1280 4266 μὴν
1329 4202 1432 4253 οὐδ’
1471 4204 1573 4266 ἅμα
1608 4205 1738 4252 κατὰ
1774 4203 1893 4261 τοὺς
1925 4202 2005 4252 διὰ
2039 4203 2197 4267 λόγου
2231 4204 2515 4266 θεωρητοὺς
2545 4202 2763 4267 χρόνους
2798 4206 2856 4253 τὸ

440 4297 574 4346 κάτω
606 4300 873 4361 φερόμενον
908 4302 1050 4362 σῶμα
1092 4296 1268 4361 (Steph
1293 4333 1303 4344 .
1329 4298 1458 4347 κατὰ
1492 4299 1550 4347 τὸ
1584 4300 1855 4361 φερόμενον
1886 4303 2057 4361 σῶμα,
2107 4298 2245 4347 Gaas.
2281 4297 2488 4347 coniecit
2521 4302 2578 4348 rb
2612 4299 2854 4348 ἀντικοπ-

439 4394 648 4452 τόμενον
696 4392 856 4455 σῶμα)
904 4392 987 4441 ἐπὶ
1036 4390 1242 4451 πλείους
1275 4393 1466 4451 τόπους
1499 4394 1780 4458 ἀφικνεῖται
1805 4406 1815 4417 ·
1848 4392 2155 4453 ἀδιανόητον
2188 4395 2283 4458 γὰρ
2319 4395 2400 4442 καὶ
2434 4396 2584 4444 τοῦτο
2618 4406 2857 4449 συναψιιε·

441 4486 685 4550 νούμενον
734 4487 788 4537 ἐν
838 4486 1069 4551 αἰσθητῷ
1113 4490 1282 4553 χρόνῳ
1328 4488 1638 4548 ὁθενδὴποτε
1687 4491 1777 4538 τοῦ
1834 4486 2058 4552 ἀπείρου.
2092 4488 2141 4545 ἐξ
2178 4487 2236 4537 οὗ
2270 4491 2365 4553 γὰρ
2400 4488 2467 4538 ἂν
2498 4488 2856 4552 περιλάβωμεν

441 4584 539 4642 τὴν
569 4586 728 4648 φορὰν
762 4586 921 4634 τόπου
955 4584 1096 4633 ἔσται
1129 4584 1471 4649 ἀφιστάμενον
1495 4595 1505 4609 ·
1525 4583 1777 4650 ἀντικοπῇ
1809 4587 1907 4651 γὰρ
1942 4585 2113 4646 ὅμοιον
2144 4584 2287 4633 ἔσται
2320 4584 2419 4633 κᾶν
2440 4583 2587 4648 μέχρι
2610 4582 2855 4634 τοσούτου

443 4675 634 4741 (Steph.
688 4678 872 4729 τούτου
906 4677 1084 4727 Iunius
1115 4678 1170 4728 in
1202 4678 1498 4741 exemplari,
1548 4680 1678 4743 quod
1711 4686 1786 4728 est
1816 4678 1871 4727 in
1902 4677 2125 4728 biblioth.
2160 4678 2319 4741 Lugd.
2354 4693 2445 4727 sua
2475 4694 2625 4727 manu
2656 4694 2683 4727 e
2716 4679 2852 4728 codd.
