3529 5359
1681 367 1763 430 53

508 590 682 656 seqq.
754 570 910 636 dicit
978 593 1144 653 „non
1199 593 1284 636 ex
1358 571 1651 637 omnibus
1718 569 1975 635 omnino
2002 617 2019 650 ,
2088 589 2503 656 quaecunque
2549 576 2769 635 creant
2811 591 2915 636 res
2938 621 2955 655 ,

509 687 741 751 sensile
804 693 870 751 et
929 688 1257 774 extemplo
1303 709 1406 752 me
1452 688 1632 772 gigni
1678 686 1887 750 dicere
1934 688 2232 769 sensus”,
2295 686 2465 778 sicut,
2503 687 2613 750 alii
2656 688 2956 753 statuisse

508 803 825 868 videntur.
916 783 1116 869 Arist.
1165 803 1243 868 de
1290 804 1482 868 anim.
1529 825 1590 890 p.
1640 805 1809 886 411,
1856 825 1935 886 a,
1986 806 2057 867 7:
2117 808 2215 870 καὶ
2262 807 2327 869 ἐν
2371 809 2461 890 τῷ
2504 803 2638 890 ὅλῳ
2684 801 2750 871 δέ
2791 834 2955 885 τινες

507 921 706 998 αὐτὴν
772 926 1074 1010 μεμῖχθαί
1140 935 1364 1008 φασιν,
1435 925 1586 986 ὅθεν
1629 921 1789 997 ἴσως·
1856 926 1951 988 καὶ
2008 921 2228 998 Θαλῆς
2272 923 2447 1008 (ρ’ἡθη
2491 923 2695 988 πάντα
2740 923 2953 1010 πλήρη

507 1043 675 1104 ’θεῶν
739 1040 932 1106 εἶναι.
1001 1046 1188 1106 τοῦτο
1259 1037 1311 1105 δ’
1365 1039 1491 1125 ἔχει
1560 1041 1738 1114 τινας
1784 1041 2095 1123 ἀπορίας·
2145 1036 2255 1128 διὰ.
2284 1043 2425 1106 τίνα
2468 1039 2591 1126 γὰρ
2640 1043 2841 1106 αἰτίαν
2888 1043 2951 1106 ἐν

505 1159 619 1234 μὲν
662 1159 751 1240 τῷ
793 1157 922 1240 ἀέρι
967 1155 1005 1232 ἢ
1051 1161 1138 1242 τῷ
1182 1161 1329 1239 πυρὶ
1379 1155 1539 1220 οὖσα
1585 1157 1624 1230 ἡ
1669 1156 1848 1240 ψυχὴ
1895 1156 1970 1220 οὐ
2001 1165 2165 1221 ποιεῖ
2209 1154 2415 1241 ζῴον,
2462 1158 2527 1220 ἐν
2574 1153 2635 1222 δὲ
2667 1165 2803 1231 τοῖς
2830 1185 2957 1237 μικ·

505 1280 684 1355 τοῒς;
745 1293 931 1358 porro
992 1294 1135 1336 cum
1180 1270 1355 1337 hisce
1400 1272 1610 1336 verbis
1655 1273 1736 1357 (p.
1786 1274 1906 1335 411
1938 1321 1954 1354 ,
2002 1293 2041 1336 a
2064 1321 2080 1354 ,
2128 1273 2230 1355 2):
2281 1271 2394 1338 εἴτε
2441 1269 2531 1340 δεῖ
2574 1275 2689 1350 τὴν
2735 1277 2953 1360 ψυχὴν

507 1391 572 1454 ἐκ
600 1393 728 1453 τῶν
761 1393 1095 1475 στοιχείων
1125 1399 1352 1465 ποιεῖν,
1398 1390 1590 1455 οὐδὲν
1621 1387 1711 1455 δεῖ
1741 1387 1809 1462 ἐξ
1838 1389 2158 1471 ἁπάντων,
2192 1389 2577 1454 conveniunt
2608 1390 2733 1453 894
2766 1410 2950 1475 seqq:

514 1503 665 1585 „sed
722 1505 940 1589 magni
985 1504 1221 1570 referre
1269 1525 1347 1568 ea
1390 1505 1666 1590 primum
1713 1505 2021 1591 quantula
2065 1505 2397 1569 constent’'
2446 1509 2591 1568 cett.
2686 1504 2954 1590 Saepius

507 1627 813 1707 usurpata
875 1622 988 1685 illa
1044 1622 1256 1706 imago
1312 1623 1471 1686 caeli
1515 1622 1715 1707 patris
1759 1627 1826 1684 et
1871 1627 2080 1684 terrae
2124 1621 2347 1685 matris
2392 1622 2535 1703 (991
2586 1623 2786 1707 seqq.)
2835 1622 2954 1686 etsi

508 1738 772 1804 fortasse
819 1760 854 1803 e
900 1740 1225 1805 veteribus
1269 1741 1475 1826 poetis
1520 1745 1808 1825 sumpta,
1842 1745 2057 1802 tamen
2082 1760 2168 1802 ex
2192 1739 2558 1804 Aristotelis
2581 1745 2679 1803 est
2707 1745 2953 1803 mente:

510 1840 810 1922 de⁰anjm.
845 1879 988 1942 gen.
1023 1859 1076 1922 I.
1107 1881 1170 1944 p.
1206 1861 1365 1940 716,
1413 1880 1450 1921 a
1472 1906 1488 1939 ,
1528 1859 1644 1920 13:
1697 1857 1889 1943 ἄρρεν
1932 1861 2044 1940 μὲν
2090 1855 2213 1941 ’γιὶρ
2261 1855 2533 1943 λέγομεν
2564 1857 2731 1943 ζῴον
2759 1858 2833 1922 τὸ
2864 1861 2955 1934 εἰς

509 1976 680 2040 ἄλλο
745 1980 1026 2061 γεννῶν,
1096 1974 1262 2052 θῆλυ
1333 1973 1394 2041 δὲ
1450 1977 1522 2040 τὸ
1569 1979 1654 2050 εἷς
1703 1976 1897 2038 αὑτό.
1968 1971 2065 2039 διὸ
2115 1979 2213 2040 καὶ
2261 1977 2326 2039 ἐν
2372 1980 2457 2060 τῷ
2504 1974 2637 2060 ὅλῳ
2683 1977 2798 2051 τὴν
2842 1985 2954 2051 τῆς

507 2103 628 2177 γῆς
696 2097 886 2178 φύσιν
942 2093 1030 2167 ὡς
1076 2092 1242 2168 θῆλυ
1290 2097 1386 2158 καὶ
1431 2095 1658 2176 μητέρα
1705 2091 2119 2174 νομίζουσιν,
2191 2092 2470 2176 οὐρανὸν
2517 2088 2579 2156 δὲ
2624 2095 2721 2156 καὶ
2766 2091 2955 2167 ἥλιον

510 2207 550 2284 ἦ
593 2237 648 2274 τι
715 2214 844 2275 τῶν
900 2209 1125 2274 ἄλλων
1191 2214 1320 2275 τῶν
1363 2213 1666 2274 τοιούτων
1714 2210 1801 2285 ὡς
1848 2214 2211 2294 ’γεννῶντας
2257 2213 2353 2274 καὶ
2402 2211 2671 2295 πατέρας
2716 2238 2959 2295 προσα-

507 2329 903 2411 γορεύουσιν.
993 2326 1202 2390 Tanta
1247 2348 1392 2390 cum
1436 2327 1800 2390 inveniatur
1846 2325 2228 2408 similitude,
2275 2345 2533 2389 necesse
2579 2331 2676 2390 est
2721 2331 2957 2390 statua-

507 2464 649 2507 mus
694 2444 1032 2530 quamdam
1080 2444 1620 2509 necessitudinem
1665 2445 1799 2507 sive
1847 2443 2220 2507 affinitatem
2268 2465 2404 2508 esse
2448 2444 2615 2508 inter
2638 2465 2746 2526 ea,
2793 2466 2957 2530 quae

509 2561 844 2626 Lucretius
906 2563 1075 2626 canit
1144 2568 1208 2627 et
1270 2584 1432 2647 quae
1477 2561 1556 2625 ab
1602 2562 1953 2626 Aristotele
1998 2561 2421 2647 proferuntur.
2514 2561 2642 2626 Sed
2684 2583 2829 2626 cum
2871 2583 2955 2626 ne

509 2701 741 2745 nomen
811 2681 1068 2768 quidem
1116 2681 1458 2767 Stagyritis
1505 2679 1674 2766 apud
1718 2686 2009 2744 nostrum
2055 2679 2412 2765 reperiatur
2455 2686 2520 2744 ct
2563 2681 2741 2743 nulla
2784 2679 2953 2763 sint,

509 2819 671 2884 quae
741 2820 856 2863 nos
923 2797 1243 2864 adducant
1309 2804 1382 2861 ut
1450 2819 1596 2862 eum
1665 2798 2001 2863 Aristoteli
2046 2796 2363 2861 studuisse
2417 2796 2783 2879 credamus,
2828 2819 2955 2861 non

507 2917 846 2981 temeraria
891 2922 988 2980 est
1031 2922 1248 2981 nostra
1291 2916 1526 3002 opini0,
1574 2916 1971 2980 censentium
2015 2914 2367 3001 Epicurum
2410 2914 2569 2980 haec
2614 2915 2826 2980 omnia
2870 2934 2955 2978 ex

507 3032 873 3097 Aristotelis
941 3033 1191 3119 scriptis
1258 3034 1535 3119 legisse,
1603 3039 1797 3119 atque
1866 3054 1950 3096 ex
2013 3032 2186 3096 illius
2232 3031 2483 3118 scriptis
2526 3032 2607 3097 ab
2653 3032 2954 3097 Lucretio

509 3150 738 3215 deinde
805 3150 1035 3215 hausta
1101 3172 1258 3215 esse.
1352 3151 1557 3226 Quam
1620 3150 1983 3236 opinionem
2028 3155 2102 3213 ut
2147 3150 2663 3233 corroboremus,
2730 3149 2954 3214 affera-

505 3288 648 3331 mus
714 3267 906 3332 liceat
950 3268 1262 3353 quaedam
1307 3268 1570 3354 Epicuri
1615 3267 1883 3352 placita,
1956 3287 2119 3352 quae
2166 3268 2353 3353 plane
2400 3288 2543 3331 cum
2588 3267 2953 3333 Aristotelis

506 3385 718 3450 verbis
761 3386 1148 3449 conveniunt
1193 3406 1401 3472 neque
1441 3387 1508 3448 in
1539 3385 1828 3450 Lucretii
1858 3384 2245 3450 carminibus
2275 3384 2703 3449 inveniuntur.
2751 3385 2951 3449 Arist.

509 3502 587 3567 de
619 3525 720 3567 an.
746 3505 872 3567 428
900 3553 916 3585 ,
963 3525 1002 3567 a
1027 3552 1043 3585 ,
1093 3504 1130 3566 6
1165 3502 1327 3565 dixit
1359 3504 1653 3579 αἴσθησις
1676 3508 1790 3585 μὲν
1822 3504 1947 3588 γὰρ
1974 3503 2111 3579 ἤτοι
2135 3500 2396 3585 δύναμις
2420 3502 2458 3579 ἢ
2484 3506 2751 3588 ἐνέργεια
2784 3502 2954 3589 quod

509 3621 704 3684 etiam
736 3620 813 3685 de
845 3621 988 3684 aliis
1020 3620 1330 3684 eiusmodi
1359 3621 1769 3684 facultatibus
1800 3620 1933 3683 sive
1964 3620 2147 3683 factis
2178 3619 2349 3684 dicit.
2381 3620 2727 3685 Plutarcho
2751 3626 2951 3704 teste,

1363 3739 1381 3764 κ
1488 3740 1509 3763 ,
1591 3740 1612 3763 ,
1690 3742 1705 3761 ,

506 3884 609 3939 μις
625 3902 643 3932 ,
705 3860 800 3921 καὶ
846 3857 918 3920 τὸ
960 3858 1308 3938 ἐπαίσθημα
1345 3858 1496 3920 ὅθεν
1526 3858 1652 3920 ἐστὶ
1682 3856 1754 3919 τὸ
1788 3858 2121 3940 ἐνέργημα·
2172 3856 2321 3929 ὥςτε
2354 3852 2552 3941 διχῶς
2582 3858 2727 3941 παρ’
2758 3857 2951 3921 αὐτοῦ

509 3972 837 4061 λέγεσθαι,
911 3973 1210 4049 αἴσθησιν
1275 3978 1388 4055 μὲν
1454 3974 1570 4049 τὴν
1626 3970 1928 4054 δῦναμιν,
1990 3973 2351 4047 αἰσθητικὸν
2400 3969 2462 4037 δὲ
2508 3974 2581 4037 τὸ
2628 3976 2949 4060 ἐνέργημα.

508 4090 586 4153 In
653 4089 874 4153 eadem
941 4090 1176 4175 pagina
1232 4090 1340 4153 lin.
1397 4092 1473 4153 18
1519 4088 1943 4153 Aristoteles:
1990 4093 2229 4174 γίνεται
2272 4090 2398 4175 γὰρ
2449 4087 2605 4165 δόξα
2653 4096 2748 4156 καὶ
2796 4090 2953 4168 ἀλη-

507 4209 630 4285 θὴς
696 4212 790 4273 καὶ
852 4205 1106 4291 ψευδής.
1199 4205 1516 4291 Epicurus
1577 4207 1655 4269 D.
1705 4205 1781 4270 L.
1828 4205 1915 4269 X.
1964 4208 2083 4288 34,
2153 4209 2267 4282 τὴν
2314 4204 2377 4273 δὲ
2418 4205 2616 4281 δόξαν
2661 4212 2758 4273 καὶ
2803 4210 2954 4274 ὑπό-

509 4324 704 4409 ληψιν
768 4324 1069 4412 λέγουσιν
1094 4345 1108 4360 ’
1181 4323 1389 4400 ἀληθῆ
1457 4327 1519 4389 τέ
1585 4339 1736 4410 φασι
1805 4328 1900 4389 καὶ
1947 4321 2139 4409 ψευδῆ
2184 4325 2545 4411 τυγχάνειν.
2600 4362 2681 4370 -
2730 4325 2949 4405 (Arist.

509 4442 671 4524 428,
715 4441 794 4525 b,
826 4444 864 4505 3
891 4491 908 4525 ,
955 4442 1148 4505 etiam
1193 4460 1336 4505 cam
1383 4442 1706 4526 ὑπόληψιν
1751 4443 2002 4523 vocat).
2099 4439 2229 4505 Sed
2272 4440 2431 4505 haec
2460 4442 2587 4505 iam
2621 4442 2773 4507 satis
2803 4443 2949 4507 sint.

597 4557 795 4623 Stoici
839 4579 1088 4645 quoque
1133 4557 1446 4643 putabant
1492 4557 1778 4621 animum
1824 4577 1859 4621 e
1892 4558 2165 4621 materia
2190 4558 2429 4622 factum
2461 4579 2600 4624 esse
2631 4565 2697 4623 et
2727 4560 2950 4624 eodem

515 4695 638 4761 quo
684 4696 910 4762 corpus
952 4673 1140 4739 modo
1187 4696 1489 4740 crescere.
1577 4675 1656 4739 In
1702 4680 1885 4739 utero
1930 4696 1967 4738 e
2012 4681 2349 4762 parentum
2394 4677 2635 4741 semine
2655 4726 2672 4760 ,
2702 4683 2950 4763 partem
