3529 5359
1612 375 1732 437 137

439 571 573 656 logi
615 557 766 637 fere⁴
796 595 1013 638 omnes
1059 574 1219 639 caeli
1262 574 1539 640 latebras
1584 581 1851 661 possunt
1893 576 2281 661 perlustrare
2308 623 2325 656 ‚
2396 577 2726 653 carerent,
2782 591 2893 635 ne-

441 711 566 776 que
610 690 678 754 in
721 691 912 755 rebus
940 691 1406 756 mathematicis
1439 693 1780 756 admodum
1809 693 2046 757 versati
2088 698 2344 774 essent,
2389 711 2518 754 11011
2547 694 2893 775 potuerunt

444 827 482 870 e
542 813 637 872 tot
695 809 887 873 variis
931 810 1282 874 rationibus
1328 810 1800 896 doctrinisque,
1869 817 2111 877 ceteras
2180 809 2635 889 excludenteS‚
2695 827 2889 870 unam

443 925 639 989 solam
703 925 1013 1011 probare,
1083 928 1136 990 si
1204 919 1461 1013 quidem
1506 929 1789 1014 reliquae
1834 929 2066 992 rationi
2112 933 2176 992 et
2220 927 2387 990 notis
2431 923 2887 1011 phaenomenis

443 1041 640 1106 nihilo
705 1044 940 1128 magis‘
969 1045 1414 1130 repugnabant
1452 1042 1514 1123 ¹).
1605 1045 1702 1109 Ea
1748 1045 2105 1109 constantia
2148 1049 2362 1108 tamen
2388 1093 2404 1126 ,
2450 1048 2525 1106 ut
2569 1041 2843 1105 vidimus
2868 1089 2884 1122 ,

444 1180 568 1222 non
611 1159 979 1245 prohibuit,
1042 1163 1379 1248 quominus
1424 1163 1614 1227 aliam
1660 1163 2154 1248 explicationem
2202 1161 2311 1224 alii
2354 1159 2785 1245 praeferrent,
2834 1157 2886 1220 si

442 1277 626 1342 modo
671 1279 848 1342 nulla
892 1279 1362 1343 excluderetur.
1455 1280 1777 1344 Scientiae
1823 1280 2137 1344 rationem
2183 1284 2247 1342 et
2279 1277 2659 1363 principium
2690 1272 2885 1358 respi-

443 1392 634 1458 cienti
658 1445 674 1477 ‚
743 1395 911 1459 inter
970 1395 1263 1481 antiquos
1322 1395 1626 1481 Epicurei
1683 1396 1961 1481 proximi
2006 1401 2257 1459 nostrae
2304 1393 2533 1459 aetatis
2577 1389 2881 1454 scientiae

443 1517 507 1575 et
550 1513 730 1598 quasi
775 1512 993 1576 affines
1038 1513 1241 1577 videri
1287 1513 1522 1576 debent
1552 1511 1598 1591 ²)
1621 1535 1648 1596 τς
1699 1513 1853 1599 quin
1896 1514 2024 1577 imo
2069 1513 2137 1576 in
2181 1509 2638 1597 phaenomenis
2684 1506 2885 1592 expli-

442 1629 655 1693 candis
699 1629 1022 1693 interdum
1066 1631 1412 1694 multorum
1459 1631 1855 1694 saeculorum
1900 1629 2109 1693 studia
2150 1627 2685 1714 praesentiebant.

526 1749 834 1820 Quoniam
881 1747 958 1811 de
1004 1748 1384 1812 caelestibus
1429 1748 1797 1833 corporibus
1842 1747 1996 1811 satis
2043 1747 2392 1832 disputavit
2435 1750 2625 1830 poeta
2651 1793 2667 1826 ‚
2713 1763 2881 1806 nunc

438 1864 602 1928 redit
653 1864 770 1946 „ad
814 1865 1036 1928 mundi
1080 1866 1435 1929 novitatem
1480 1872 1544 1930 et
1589 1866 1809 1930 mollia
1854 1872 2065 1929 terrae
2112 1886 2305 1946 arva,
2350 1884 2517 1927 novo
2562 1862 2699 1926 fetu
2730 1860 2884 1947 quid

437 1981 711 2068 primum
775 1983 844 2046 in
908 1983 1164 2047 luminis
1232 2005 1376 2048 oras
1444 1984 1672 2048 tollere
1740 1989 1806 2047 et
1876 1983 2137 2047 incertis
2204 1981 2441 2046 crerint
2484 1979 2881 2045 committere

436 2099 685 2163 ventis”
719 2097 789 2178 ³).

529 2217 798 2299 „Merit-o
843 2223 1201 2282 maternum
1248 2240 1479 2282 nomen
1525 2218 1758 2304 adepta
1804 2219 2016 2283 terra'’
2065 2225 2195 2302 est,
2248 2239 2321 2300 „e
2367 2223 2538 2281 terra
2581 2215 2881 2302 quoniam

437 2341 584 2399 sunt
629 2341 858 2401 cuncta
903 2336 1176 2401 creata”.
1267 2337 1559 2401 Primum
1603 2337 1861 2422 plantae
1908 2342 2055 2402 sunt
2100 2342 2317 2418 ortae,
2363 2342 2502 2399 tum
2553 2333 2881 2415 „mortalia

437 2454 708 2536 saecla'',
777 2475 1008 2539 nempe
1077 2455 1360 2519 omnium
1431 2476 1739 2539 generum
1805 2455 2123 2540 animalia.
2212 2455 2389 2518 Inter
2455 2437 2636 2539 quae*
2663 2473 2881 2514 rursus

435 2589 586 2632 aves
651 2569 892 2654 primae
965 2591 1123 2651 „ova
1165 2571 1614 2657 relinquebant
1659 2572 1959 2635 exclusae
2008 2578 2294 2656 tempore
2340 2569 2599 2650 verno”,
2649 2566 2877 2630 deinde

433 2686 663 2750 animal
712 2708 939 2771 omne,
994 2688 1200 2774 „quod
1244 2690 1311 2752 in
1356 2691 1606 2774 magnis
1649 2690 1998 2755 bacchatur
2040 2690 2347 2754 montibu‘
2396 2686 2695 2775 passim’',
2742 2692 2878 2749 tum

433 2803 783 2869 humanum
828 2826 1030 2890 genus
1060 2806 1129 2885 4).
1176 2808 1444 2872 Modum
1472 2858 1488 2891 ‚
1536 2830 1660 2895 quo
1706 2809 2001 2873 mortalia
2046 2810 2253 2873 saecla
2283 2814 2455 2872 terra
2483 2805 2759 2892 prodidit
2789 2804 2877 2868 sic

435 2922 726 3007 depinxit
768 2930 998 3009 poeta:
1052 2926 1328 3005 „multus
1374 2926 1544 2989 enim
1591 2928 1762 2991 calor
1805 2932 1997 3013 atque
2029 2948 2211 2990 umor
2241 2924 2580 3011 superabat
2610 2924 2677 2987 in
2710 2923 2878 2988 arvis

439 3040 725 3121 „(avibus
798 3041 1032 3125 natis);
1101 3042 1222 3106 1100
1282 3042 1393 3106 ubi
1439 3065 1727 3130 quaeque
1776 3044 1899 3109 loci
1944 3044 2123 3129 regio
2163 3049 2520 3129 opportuna
2574 3041 2876 3125 dabatur,

439 3157 844 3239 „crescebant
880 3158 1047 3222 uteri
1092 3164 1327 3223 terram
1375 3161 1693 3225 radicibus
1737 3162 1914 3247 apti3
1961 3182 2117 3248 quos
2168 3161 2281 3226 ubi
2314 3166 2599 3245 tempore
2629 3164 2877 3223 maturo

440 3274 864 3359 „patefecerat
903 3281 1116 3340 aestus
1155 3276 1514 3361 infantum,
1561 3278 1815 3363 fugiens
1844 3300 2140 3343 umorem
2170 3298 2483 3364 aurasque
2512 3255 2877 3363 petessens,

441 3393 889 3473 „convertebat
925 3394 1016 3458 ibi
1046 3400 1276 3459 natura
1305 3395 1616 3461 foramina
1645 3403 1855 3461 terrae
1891 3402 1957 3461 et
1992 3418 2215 3462 sucum
2244 3396 2425 3461 venis
2449 3393 2717 3480 cogebat
2739 3394 2877 3457 fun-

498 3668 535 3733 ¹)
603 3668 768 3718 Nimis
814 3668 1086 3733 praefracte
1137 3668 1358 3719 Zellerus
1405 3669 1544 3735 loqui
1592 3669 1792 3719 videtur
1811 3707 1825 3731 ,
1878 3686 1992 3720 cum
2041 3670 2317 3735 Epicurum
2366 3670 2494 3720 hanc
2542 3669 2781 3721 rationem
2815 3672 2879 3720 ad

433 3767 585 3813 totam
633 3762 892 3830 physicam
941 3763 1214 3813 doctrinam
1245 3763 1529 3815 adhibuisse
1561 3764 1724 3815 dicat:
1798 3765 1863 3816 So
1896 3765 2212 3815 ausfiihrlich
2245 3765 2351 3815 sich
2382 3764 2533 3815 daher
2564 3764 2693 3815 auch
2726 3763 2878 3815 sehon

432 3857 625 3921 Epikur
673 3858 828 3909 selbst
874 3857 969 3907 mit
1017 3859 1103 3908 der
1134 3858 1328 3925 Physik
1359 3857 1687 3923 besch’aftigte
1706 3896 1720 3920 ,
1772 3876 1827 3910 so
1860 3859 2026 3924 wenig
2058 3859 2185 3911 hielt
2215 3876 2269 3910 er
2300 3859 2426 3911 doch
2457 3859 2567 3910 eine
2602 3858 2880 3910 Sicherheit

431 3952 517 4001 der
547 3951 1203 4002 naturwissenschaftlichen
1235 3952 1534 4017 Ergebnisse
1565 3952 1636 4002 im
1669 3953 1948 4005 Einzelnen
1980 3955 2066 4004 fiir
2097 3954 2419 4019 nothwendig
2437 3992 2451 4016 ,
2484 3956 2601 4005 oder
2632 3955 2759 4005 auch
2781 3971 2879 4004 nur

430 4046 514 4096 fiir
545 4046 790 4111 moglich‚
841 4051 956 4096 cett.
992 4047 1108 4108 ΙΙΙ,
1166 4053 1221 4109 1,
1273 4064 1386 4112 pag.
1423 4052 1532 4098 368.
1604 4050 1731 4099 011111
1763 4051 1825 4099 (10
1858 4050 2085 4101 meteoris
2118 4050 2224 4115 agit
2256 4050 2503 4115 Epicurus
2537 4050 2733 4099 nullum
2762 4049 2876 4115 phi-

429 4140 688 4206 losophum
719 4140 974 4205 redarguit
990 4178 1003 4203 ,
1033 4141 1134 4191 nisi
1166 4142 1254 4207 qui
1286 4142 1382 4193 diis
1414 4143 1644 4194 tribuunt
1662 4181 1675 4205 ,
1711 4146 1845 4209 quod
1874 4146 1983 4209 ipsa
2013 4151 2193 4195 natura
2224 4146 2405 4196 efficit:
2452 4145 2507 4196 in
2539 4144 2714 4196 ceteris
2746 4144 2876 4211 phy-

329 4262 332 4265 *
429 4236 559 4286 sicae
613 4234 839 4299 partibus
899 4239 1067 4285 tamen
1129 4238 1332 4287 eandem
1385 4237 1628 4289 rationem
1687 4255 1789 4290 non
1854 4239 2111 4304 sequitur;
2169 4241 2335 4304 plures
2389 4239 2707 4304 philosophos
2763 4256 2879 4291 eum

430 4330 667 4381 refellisse
697 4330 799 4381 iam
830 4330 1289 4382 demonstravimus.
1358 4332 1423 4383 In
1453 4332 1518 4383 iis
1549 4333 1697 4384 rebus
1736 4349 1931 4384 summa
1961 4333 2211 4385 evidentia
2244 4336 2523 4399 quaerenda
2554 4338 2643 4384 est.

492 4424 536 4488 2)
601 4425 805 4489 Renau,
837 4424 1110 4489 Dialogues
1140 4426 1318 4490 philos.
1352 4442 1466 4493 pag.
1501 4429 1591 4477 54:
1629 4427 1835 4489 ,d’ecole
1870 4426 2211 4493 epicurienne,
2253 4428 2304 4478 la
2336 4430 2521 4493 grande
2552 4427 2687 4479 00010
2718 4428 2877 4479 scien-

431 4512 604 4585 tiflque
635 4521 696 4571 de
727 4519 1058 4586 l’antiquiteJ'

493 4614 530 4673 ³)
595 4615 683 4665 Vs.
720 4618 813 4668 780
847 4630 980 4679 seqq.

495 4708 536 4773 4)
603 4709 687 4760 Vs.
725 4711 817 4762 783
853 4725 1024 4774 seqq„
1061 4712 1152 4759 823
1190 4727 1325 4777 seqq.
