3529 5359
1788 387 1911 449 120

619 591 804 657 modo
850 591 1096 656 caelum
1142 594 1430 654 versatur
1499 594 1688 673 atque
1757 586 1969 651 fluviis
2039 592 2102 650 et
2163 586 2371 650 ventis
2433 606 2622 670 saepe
2667 589 2837 648 rotas
2888 583 3062 646 volvi

618 709 926 775 videmus,
1017 709 1094 772 In
1139 707 1434 792 Epicuri,
1481 727 1642 792 quae
1689 711 1969 769 aetatem
2014 705 2341 787 tulerunt,
2387 702 2759 787 fragmentis
2804 701 2883 765 de
2914 721 3061 764 aere

620 827 780 892 caeli
825 827 1003 911 polos
1047 830 1379 910 premente
1425 822 1588 886 nihil
1635 843 1786 886 sane
1831 822 2149 905 legimUS,
2196 827 2478 884 attamen
2524 841 2668 883 cum
2713 818 2885 903 apud
2914 838 3061 880 eum

619 963 730 1008 aer
769 942 1021 1024 ,eodem
1089 941 1389 1024 fungatur
1455 939 1535 1002 ad
1601 945 1839 1003 terram
1900 938 2333 1002 sustinendam
2404 937 2648 1020 officie,
2716 942 2790 999 ut
2848 935 3062 999 statim

620 1058 1030 1141 ostendetur,
1101 1056 1322 1142 procul
1391 1056 1582 1120 dubio
1650 1055 1990 1120 Lucretius
2043 1054 2201 1119 haec
2256 1075 2291 1118 e
2336 1055 2497 1118 libro
2542 1053 2883 1128 undecimo*
2923 1056 3059 1137 περὶ

622 1182 898 1265 φύσεως,
945 1176 1055 1240 ubi
1102 1176 1179 1239 de
1223 1175 1397 1240 hisce
1428 1175 1617 1238 rebus
1649 1175 1959 1258 agebatur
1990 1172 2060 1256 ¹),
2106 1173 2337 1238 hausit.
2407 1173 2614 1243 Rotae
2645 1171 2756 1234 illa
2783 1169 3060 1253 imagine

619 1296 747 1360 iam
791 1293 1273 1359 Anaximander
1318 1314 1470 1355 usus
1517 1298 1643 1373 est,
1692 1297 1855 1356 teste
1902 1291 2297 1374 stobaeo.-2)‚
2344 1288 2541 1352 solem
2587 1289 2802 1352 dicens
2849 1293 3062 1373 τροχῷ

620 1412 1074 1498 παραπλήσιον
1136 1431 1292 1474 esse.
1362 1447 1444 1456 -—-
1515 1409 1584 1473 Si
1650 1415 1865 1473 autem
1934 1408 2182 1472 caelum
2242 1407 2546 1492 quiescit,
2624 1411 2875 1487 „tamen
2920 1425 3061 1468 cum

621 1527 833 1592 lucida
901 1528 1082 1610 signa
1148 1525 1470 1590 ferantur”
1500 1575 1515 1605 ,
1586 1524 1691 1588 hic
1754 1529 1965 1588 motus
2009 1543 2226 1586 rursus
2270 1522 2463 1586 variis
2509 1521 2711 1585 modis
2758 1519 3061 1605 explicari

623 1649 873 1729 potest:
922 1643 1056 1706 sive
1102 1662 1246 1705 cum
1291 1640 1771 1705 Anaximandro
1807 1637 1851 1722 ³)
1896 1646 2197 1726 putemus
2243 1639 2441 1702 solem
2486 1637 2790 1722 (exempli
2834 1636 3059 1719 gratia)

625 1781 762 1826 esse
807 1765 1024 1846 τροχῷ
1090 1758 1580 1843 παραπλήσιον,
1648 1757 1881 1843 ἔχοντα
1928 1757 2151 1832 κοΐλην
2197 1759 2581 1841 περιφέρειαν
2608 1803 2627 1833 ,
2692 1743 2905 1837 πλήρη
2952 1782 3065 1818 πυ-

623 1879 741 1963 ρὸς
771 1926 790 1954 ,
865 1872 1016 1941 κατᾶ
1083 1879 1270 1959 μέρος
1347 1877 1762 1958 ἐκφαίνουσαν
1826 1869 1923 1937 διὰ
1988 1875 2247 1954 στομίου
2315 1874 2390 1936 τὸ
2462 1876 2623 1955 πῦρ,
2692 1870 2899 1953 ὥσπερ
2968 1865 3062 1941 διὰ

626 2002 1032 2078 πρηστῆρος,
1080 2012 1203 2076 quo
1253 1994 1510 2053 auctore
1559 2009 1709 2072 ergo
1757 1993 1928 2052 astra
1971 1987 2539 2069 circumferuntur,
2595 1985 2799 2070 „quod
2843 1983 3066 2048 inclusi

624 2108 832 2194 rapidi
891 2113 1037 2171 sunt
1083 2105 1361 2171 aetheris
1407 2112 1662 2188 aestus,
1732 2109 2239 2199 quaerentesque
2286 2104 2455 2167 viam
2502 2103 3065 2178 circumversantur

626 2231 690 2288 et
756 2225 937 2308 ignes
1004 2223 1238 2309 passim
1301 2243 1417 2307 per
1484 2222 1645 2286 caeli
1715 2223 1980 2286 volvunt
2042 2221 2399 2285 summania
2458 2219 2739 2304 templa”
2764 2215 2831 2302 4).
2921 2219 3065 2304 Ipse

628 2342 942 2428 Epicurus
987 2341 1328 2404 coniecisse
1374 2339 1628 2403 videtur
1674 2347 1986 2404 astrorum
2030 2346 2239 2403 motus
2286 2339 2479 2402 etiam
2524 2338 2661 2401 fieri
2691 2358 2877 2423 posse
2908 2337 3069 2400 aeris

631 2459 1026 2522 extrinsecus
1093 2457 1270 2522 illato
1336 2458 1546 2543 pulsu.
1636 2458 1714 2521 In
1784 2479 1919 2542 cap.
1991 2456 2107 2520 lV.
2176 2457 2319 2520 libr.
2387 2456 2420 2519 Ι
2479 2456 2641 2541 plac.
2705 2453 3067 2535 Plutarchi,

630 2575 798 2662 quod
865 2597 1056 2660 supra
1123 2575 1514 2638 ostendimus
1575 2574 1777 2639 videri
1845 2575 2043 2660 ipsius
2114 2575 2382 2659 Epicuri
2440 2572 2802 2658 opinionem
2863 2572 3069 2656 expri-

627 2714 844 2776 mere,
911 2693 1218 2777 legimus:
1290 2695 1361 2757 τὸ
1433 2692 1495 2759 δὲ
1564 2692 1820 2769 πλῆθος
1888 2699 2017 2758 τῶν
2076 2694 2607 2775 ἀναθυμιωμένων
2655 2690 2914 2767 ἕπληττε
2958 2692 3069 2755 τὸν

630 2812 820 2895 ἀέρα,
888 2815 984 2875 καὶ
1053 2817 1284 2876 τοῦτον
1353 2808 1642 2896 ἐξέθλιβε
1673 2861 1686 2884 ,
1756 2814 2306 2891 πνευματούμενος
2377 2808 2440 2875 δὲ
2511 2809 2700 2884 οὗτος
2768 2806 2917 2873 κατὰ
2958 2809 3071 2883 τὴν

629 2931 915 3003 κίνησιν,
985 2932 1081 2992 καὶ
1149 2926 1771 3012 συμπεριλαμβάνων
1836 2924 1912 2991 τά
1957 2925 2190 3011 ἄστρα,
2270 2935 2643 3011 συμπεριῆγε
2688 2932 2918 2991 ταῦτ-αι
2977 2930 3071 2988 est

628 3044 747 3108 hoc
795 3044 1039 3127 solum,
1087 3044 1256 3130 quod
1298 3044 1586 3107 invenire
1633 3043 1955 3128 potuimus
1981 3093 1997 3126 ,
2043 3044 2350 3128 placitum
2385 3064 2740 3127 congruens
2772 3064 2917 3107 cum
2946 3042 3070 3105 Lu-

630 3161 812 3226 cretii
879 3161 1088 3225 verbis
1155 3182 1248 3225 vs,
1314 3163 1482 3225 522:
1560 3162 1730 3243 „sive
1794 3160 2048 3225 aliunde
2093 3161 2297 3224 fluens
2342 3160 2635 3223 alicunde
2681 3160 3070 3223 extrinsecus

631 3298 742 3341 aer
784 3282 995 3341 versat
1041 3298 1238 3361 agens
1280 3276 1526 3361 ignes''.
1605 3276 1982 3341 Tenendum
2028 3283 2242 3340 autem
2288 3283 2386 3340 est
2430 3276 2595 3340 hanc
2639 3275 2902 3361 Epicuri
2946 3275 3071 3360 opi-

631 3394 888 3458 nionem
930 3394 1131 3458 nihilo
1178 3396 1321 3480 plus
1367 3415 1503 3458 esse
1551 3417 1739 3481 quam
1775 3394 2248 3475 coniecturam,
2296 3416 2421 3479 qua
2454 3393 2733 3478 explicet
2764 3390 3069 3478 quomodo

629 3517 838 3576 motus
905 3512 1014 3575 ille
1084 3512 1220 3575 fieri
1274 3513 1500 3595 possit.
1595 3512 1756 3576 Cum
1802 3512 2049 3597 reliqua
2095 3492 2419 3593 doctrina,
2487 3517 2722 3574 terram
2767 3531 2914 3575 aere
2959 3510 3070 3573 cir-

631 3629 992 3694 cumdatam
1060 3650 1196 3692 esse
1267 3635 1330 3692 et
1389 3628 1721 3710 sustineri,
1793 3629 1901 3714 qui
1946 3648 2055 3692 aer
2102 3649 2246 3693 cum
2298 3627 2621 3713 „partibus
2666 3627 2853 3690 aeriis
2896 3648 3069 3689 mun-

631 3746 735 3811 di”
787 3749 970 3830 (538,
1043 3748 1149 3823 53)
1199 3746 1575 3829 cohaereat,
1643 3746 1887 3830 optime
1934 3744 2248 3809 convenit.
2341 3744 2779 3808 Anaximenes
2839 3744 3070 3828 primus

633 3864 940 3929 eiusmodi
1014 3865 1507 3949 explicationem
1581 3864 1919 3949 protulisse
1994 3862 2293 3926 videtur:
2369 3860 2777 3942 Ἀναξιμένης
2854 3863 3068 3945 (putat)

631 3984 756 4048 ὑπὸ
821 3985 1304 4062 πεπυκνωμένου
1371 3984 1558 4065 ἀέρος
1627 3987 1721 4046 καὶ
1800 3976 2139 4047 ἇντιτῦπου
2214 3978 2586 4054 ἐξωθεῖσθαι
2652 3978 2728 4044 rei
2775 3978 2969 4063 ἄστρα
3000 3980 3069 4061 ⁵).

631 4098 926 4185 Denique
973 4099 1344 4164 Heraclitus
1388 4098 1594 4162 refelli
1639 4119 1769 4162 non
1814 4103 2027 4183 potest
2072 4118 2339 4161 censens
2390 4097 2695 4161 caelestes
2725 4096 2867 4159 illos
2894 4096 3073 4179 ignes

699 4344 738 4409 1)
811 4344 886 4393 Cf.
924 4344 987 4392 D.
1024 4344 1082 4392 L.
1119 4342 1184 4391 X.
1222 4345 1280 4393 91
1319 4347 1370 4394 et
1400 4342 1512 4393 Vol.
1547 4342 1699 4391 Here.
1736 4342 1813 4392 ΙΙ.

698 4437 739 4502 ²)
806 4437 914 4487 Ecl.
950 4437 994 4485 Ι.
1029 4452 1140 4501 pag.
1177 4439 1288 4485 510.

664 4589 668 4595 ,
699 4532 739 4596 3)
811 4531 945 4581 Stob.
981 4531 1052 4580 1.1.
1120 4531 1254 4581 Plut.
1292 4532 1378 4592 ΙΙ,
1405 4535 1465 4580 20
1499 4531 1658 4595 plac.:
1696 4532 1829 4579 idem
1861 4531 1921 4579 de
1952 4529 2074 4577 luna
2107 4532 2183 4577 25.
2254 4528 2435 4577 Euseb.
2470 4544 2635 4592 praep.
2672 4544 2747 4578 ev.
2784 4528 2845 4589 Ι,
2884 4532 2928 4577 8.

699 4628 742 4690 ⁴)
808 4628 894 4676 Vs.
931 4629 1025 4676 519
1060 4643 1193 4692 seqq.
1229 4628 1494 4677 summania
1527 4633 1697 4677 contra
1729 4626 1933 4676 Lachm.
1968 4624 2189 4675 defendit
2221 4625 2479 4674 Munrous.

703 4724 744 4787 ⁵)
814 4722 948 4772 Plut.
985 4722 1110 4785 plac.
1147 4723 1240 4772 II:
1281 4726 1358 4771 23.
