3529 5359
1624 373 1744 435 165

466 573 728 638 deorum
793 579 1086 640 naturam
1156 575 1477 661 pertinet,
1546 581 1696 640 ante
1767 575 1979 639 omnia
2046 574 2393 638 tenendum
2452 580 2549 638 est
2595 596 2703 639 eos
2745 575 2909 640 nihil

462 712 654 776 agere
721 692 790 756 in
857 691 978 757 hoc
1039 693 1317 775 mund0‚
1390 693 1602 757 omnia
1647 694 1783 757 sine
1832 714 2053 757 eorum
2098 693 2339 757 auxilio
2386 692 2523 756 fieri
2550 742 2566 775 ,
2642 699 2907 775 „natura

463 808 720 872 videtur
766 857 780 872 .
816 857 830 872 .
865 857 880 872 .
947 809 1086 894 ipsa
1144 831 1258 873 sua
1323 830 1438 895 per
1507 831 1574 872 se
1621 815 1845 894 sponte
1894 808 2105 872 omnia
2150 808 2247 871 dis
2292 829 2482 892 agere
2529 808 2800 893 expers”
2836 810 2903 891 ¹).

469 924 729 1006 „Omnis
805 927 976 989 enim
1048 946 1163 1011 per
1232 947 1299 990 se
1378 926 1589 990 divom
1660 932 1891 990 natura
1956 931 2279 990 necessest
2344 925 2688 990 immortali
2744 946 2905 990 aevo

463 1064 710 1106 summa
776 1065 920 1106 cum
981 1064 1138 1128 pace
1203 1043 1450 1108 fruatur
1518 1049 1760 1108 semota
1829 1043 1909 1107 ab
1977 1043 2209 1106 nostris
2254 1043 2444 1106 rebus
2490 1043 2904 1128 seiunctaque

462 1159 685 1243 longe:
747 1181 896 1223 nam
939 1160 1190 1245 privata
1235 1160 1450 1224 dolore
1497 1161 1703 1241 omni,
1763 1160 2015 1245 privata
2057 1160 2311 1246 periclis
2335 1209 2351 1242 ,
2413 1161 2550 1244 ipsa
2595 1159 2724 1222 suis
2768 1159 2903 1244 pol-

461 1277 597 1340 lens
642 1277 869 1362 opibus
893 1325 910 1358 ,
957 1277 1047 1340 nil
1091 1277 1310 1361 indiga
1351 1278 1592 1360 nostri,
1641 1299 1758 1341 nec
1804 1277 1967 1342 bene
2012 1279 2371 1363 promeritis
2417 1277 2665 1362 capitur
2694 1297 2904 1364 neque

460 1394 745 1478 tangitur
810 1391 1017 1477 ira”2,
1084 1394 1190 1458 vel
1233 1402 1305 1458 ut
1349 1395 1485 1480 ipse
1532 1395 1889 1480 Epicurus:
1959 1397 2031 1460 τὸ
2073 1398 2381 1481 μακάριον
2428 1400 2525 1461 καὶ
2572 1395 2905 1481 ἄφθαρτον

463 1509 598 1576 οὔτ’
637 1512 790 1576 αὐτὸ
837 1512 1173 1598 πράγματα
1219 1513 1344 1598 ἔχει
1391 1514 1520 1578 οὔτ’
1565 1513 1747 1598 ἄλλῳ
1794 1516 2081 1600 παρέχει,
2130 1514 2285 1577 ὥστε
2332 1511 2461 1578 οὔτ’
2507 1516 2735 1598 ὀργαῖς
2765 1511 2906 1579 οὔτε

463 1629 677 1716 χάρισι
725 1632 1049 1715 συνέχεται
1083 1651 1098 1666 ·
1145 1633 1212 1694 ἐν
1257 1631 1510 1696 ἀσθενεῖ
1551 1631 1677 1716 ’γοῖρ
1725 1635 1853 1695 πᾶν
1898 1631 1969 1694 τὸ
2016 1635 2311 1695 τοιοῦτον
2342 1627 2408 1712 ³).
2469 1629 2645 1693 Deos
2688 1635 2905 1694 tamen

462 1767 688 1810 revera
753 1767 891 1810 esse
960 1746 1192 1810 docent
1265 1747 1382 1827 „de
1450 1766 1710 1832 corpore
1757 1767 1921 1832 quae
1969 1753 2185 1810 sancto
2232 1747 2571 1811 simulacra
2614 1747 2907 1812 feruntur

461 1864 528 1926 in
573 1869 821 1928 mentes
865 1863 1196 1928 hominum
1243 1864 1494 1928 divinae
1541 1863 1767 1927 nuntia
1810 1862 2189 1946 formae”4),
2240 1864 2351 1928 sed
2395 1863 2477 1928 ad
2521 1863 2679 1928 haec
2713 1865 2904 1928 simu-

462 1981 634 2046 lacra
701 1980 991 2045 homines
1035 1981 1133 2046 sui
1179 1981 1332 2067 quid
1376 1981 1617 2045 addunt
1661 1982 1878 2066 itaque
1926 1980 2045 2044 diis
2089 1981 2413 2064 tribuunt,
2460 1981 2629 2068 quod
2671 1982 2905 2067 partim

465 2098 722 2184 quidem
788 2120 1008 2162 eorum
1081 2105 1346 2163 naturae
1421 2120 1549 2163 non
1623 2099 1920 2163 convenit
1942 2097 2013 2180 5).
2107 2104 2253 2164 Θεοὶ
2319 2104 2431 2181 μὲν
2501 2099 2625 2186 γάρ
2696 2103 2853 2166 εἰσίν
2884 2144 2902 2163 .

464 2217 734 2302 ἐναργὴς
805 2214 857 2283 δ’
921 2220 1088 2281 ἐστὶν
1159 2217 1368 2282 αὐτῶν
1437 2219 1476 2292 ἡ
1545 2222 1821 2301 γνῶσις,
1890 2217 2069 2296 οἵους
2130 2213 2189 2282 δ’
2236 2216 2467 2291 αὐτοὺς
2535 2221 2595 2281 οἱ
2662 2207 2905 2282 πολλοὶ

465 2333 867 2415 νομίζουσιν,
913 2335 1027 2399 οὐκ
1073 2337 1229 2400 εἰσίν
1279 2353 1295 2370 ·
1343 2335 1417 2398 οὐ
1464 2331 1589 2420 γὰρ
1636 2333 2063 2418 φυλάττουσιν
2108 2333 2338 2413 αὐτοὺς
2385 2334 2563 2408 οἵους
2608 2332 2904 2417 νομίζου-

463 2477 564 2514 σιν
595 2445 660 2533 ⁶).
748 2449 879 2514 Eos
944 2449 1224 2514 humana
1291 2471 1426 2514 esse
1491 2451 1699 2535 specie
1745 2455 1938 2535 poeta
1981 2471 2109 2512 non
2156 2449 2526 2532 confirmat,
2595 2449 2707 2513 sed
2753 2449 2905 2535 Epi-

465 2585 650 2629 curus
681 2565 926 2630 docuit:
960 2567 1342 2653 Ἐπίκουρος
1372 2565 1861 2653 ἀνθρωποειδεῖς
1894 2572 2007 2650 μὲν
2038 2570 2282 2642 πάντας
2311 2570 2461 2648 τοὺς
2492 2571 2681 2643 θεούς
2709 2615 2723 2630 .
2754 2615 2767 2630 .
2794 2616 2809 2630 .
2842 2565 2902 2650 ⁷).

528 2906 566 2967 ι)
633 2905 726 2967 11,
765 2908 919 2966 1090,
955 2907 1032 2954 92.

524 3000 562 3060 ²)
628 3000 722 3061 ΙΙ,
757 3003 851 3049 646
883 3016 1019 3065 seqq.
1219 3064 1221 3067 Α

505 3096 562 3154 ὦ)
629 3096 780 3160 Diog.
814 3096 874 3145 L.
908 3096 990 3157 x,
1029 3098 1136 3145 139.

524 3191 559 3248 ⁴)
626 3191 703 3242 VI
721 3229 736 3253 ‚
776 3192 803 3243 7
808 3194 853 3240 6.

524 3287 563 3350 ⁵)
632 3285 710 3347 V,
750 3288 872 3335 1169
907 3302 1076 3352 seqq„
1114 3288 1238 3335 1185
1272 3301 1405 3352 seqq.

523 3381 562 3443 6)
632 3381 696 3431 D.
731 3381 790 3431 L.
834 3385 936 3431 123.

522 3476 562 3541 ⁷)
633 3476 766 3527 Plut.
816 3476 942 3539 plac.
994 3476 1052 3537 I,
1099 3477 1160 3537 7,
1213 3479 1287 3526 18.
1356 3475 1418 3525 D.
1473 3476 1531 3527 L.
1581 3476 1662 3537 X,
1714 3478 1839 3525 139:
1886 3476 1941 3525 ἐν
1974 3478 2156 3535 ἄλλοὶς
2189 3474 2241 3525 δέ
2274 3485 2394 3541 φησι
2429 3477 2549 3533 τούς
2582 3477 2727 3533 θεοὺς
2760 3478 2899 3541 λόγῳ

457 3572 778 3634 θεωρητούς,
815 3572 905 3629 οὓς
937 3574 1027 3635 μὲν
1060 3573 1168 3623 κατ’
1207 3574 1427 3637 ἀριθμὸν
1464 3570 1754 3636 ὑφεστῶτας
1776 3608 1787 3630 ,
1824 3573 1916 3629 οὓς
1951 3571 1999 3621 δὲ
2036 3571 2151 3621 καθ’
2188 3570 2437 3634 ὁμοειδίαν
2462 3572 2513 3621 ἐκ
2539 3576 2633 3630 τῆς
2656 3574 2899 3636 συνεχοῦς

459 3666 764 3731 ἐπιρρύσεως
820 3672 922 3717 τῶν
977 3666 1160 3729 ὁμοίων
1216 3668 1430 3719 εἰδώλων
1479 3668 1564 3717 ἐπὶ
1611 3672 1668 3718 τὸ
1703 3668 1833 3719 αὐτὸ
1870 3667 2342 3730 ἀποτετελεσμένων
2378 3666 2583 3728 (Zellerz
2611 3693 2672 3702 —
2694 3667 2897 3730 μένους)

459 3758 863 3825 ἀνθρωποειδῶς.
931 3759 1091 3809 Zeller
1141 3759 1282 3824 (III,
1333 3764 1357 3809 1
1383 3799 1396 3820 ,
1448 3777 1495 3824 p.
1550 3762 1642 3809 398
1663 3796 1676 3821 ,
1727 3764 1830 3809 not.
1884 3759 1934 3824 4)
1988 3766 2039 3809 et
2092 3758 2345 3809 Steinhart
2394 3758 2572 3823 (Ersch
2617 3764 2669 3809 et
2701 3758 2901 3809 Gruber

459 3854 771 3921 Realencycl.
823 3855 914 3905 sub
965 3872 1085 3907 voce
1134 3857 1179 3905 E
1194 3856 1304 3920 pic
1318 3874 1352 3906 u
1368 3874 1394 3906 r
1409 3874 1445 3906 u
1463 3874 1486 3907 s
1505 3893 1518 3918 ,
1568 3872 1618 3920 p.
1670 3856 1785 3922 477)
1838 3860 2018 3919 putant
2061 3856 2183 3905 haec
2232 3855 2384 3905 verba
2416 3857 2719 3906 emendanda
2736 3893 2750 3918 ‚
2784 3872 2899 3905 cum

458 3949 581 4000 alter
611 3949 791 4000 vitium
825 3955 1028 4015 quaerat
1059 3950 1114 4000 in
1146 3952 1260 4002 κατ’
1296 3954 1544 4016 ἀριθμόν,
1597 3951 1722 4001 alter
1754 3943 2009 4000 autem‘in
2041 3952 2132 4009 οὓς
2162 3954 2253 4015 μὲν
2289 3988 2299 4000 .
2338 3989 2349 4002 .
2386 3986 2397 3999 .
2451 3952 2541 4009 οὓς
2577 3951 2639 4001 δέ.
2706 3951 2899 4001 Neuter

456 4050 586 4095 recte
605 4082 618 4107 ‚
654 4045 698 4095 si
731 4046 851 4111 quid
882 4048 1040 4097 video.
1108 4046 1356 4109 Epicurus
1389 4046 1519 4096 dixit
1547 4051 1745 4109 propter
1779 4044 2041 4109 ἰσονομίαν
2075 4045 2200 4105 (Cic.
2236 4047 2295 4095 de
2327 4050 2429 4095 nat.
2454 4047 2584 4095 deor.
2610 4046 2666 4107 Ι,
2704 4049 2788 4107 19,
2812 4046 2897 4108 50)

458 4138 658 4188 deorum
707 4155 969 4189 numerum
1003 4156 1108 4190 esse
1139 4138 1410 4189 infinitum.
1477 4140 1672 4203 Vulgus
1705 4144 1873 4189 autem
1906 4138 2037 4187 inter
2066 4138 2157 4187 hos
2190 4140 2305 4188 deos
2336 4138 2621 4189 innumeros
2654 4138 2897 4189 discerne-

456 4232 542 4282 bat
573 4233 837 4284 nonnullos
854 4269 868 4294 ,
903 4233 991 4299 qui
1023 4250 1114 4283 sua
1145 4240 1323 4284 natura
1355 4240 1406 4284 et
1437 4233 1602 4285 indole
1635 4239 1686 4284 et
1717 4234 1821 4283 suis
1853 4233 2073 4283 moribus
2104 4238 2246 4283 erant
2265 4232 2477 4297 praediti
2492 4269 2506 4294 ,
2539 4233 2612 4283 ita
2632 4237 2691 4283 ut
2712 4232 2899 4297 singuli

456 4333 659 4391 possent⁷
687 4328 920 4393 agnosci5
971 4328 1272 4393 reliquorum
1305 4328 1576 4395 χαρακτὴρ
1611 4328 1779 4378 minus
1812 4333 1917 4379 erat
1949 4328 2211 4378 distinctus
2244 4334 2295 4378 et
2326 4327 2471 4393 quasi
2502 4327 2731 4378 omnibus
2762 4344 2895 4378 com-

458 4422 636 4473 munis.
703 4422 817 4473 Hoc
867 4422 1129 4474 discrimen
1161 4423 1407 4487 Epicurus
1441 4440 1468 4474 e
1501 4426 1604 4474 suis
1635 4422 1892 4487 principiis
1924 4424 1988 4472 ad
2020 4424 2281 4471 discrimen
2312 4422 2442 4472 inter
2474 4422 2737 4473 simulacra
2750 4459 2764 4484 ,
2809 4438 2899 4487 per

458 4532 583 4579 quae
615 4516 696 4567 dei
727 4522 962 4581 apparent
980 4552 994 4578 ,
1037 4518 1216 4567 referre
1249 4519 1468 4568 debebat.
1538 4516 1705 4581 Igitur
1737 4516 1915 4567 statuit
1946 4517 2299 4567 nonnullorum
2332 4519 2535 4568 deorum
2566 4518 2676 4568 εἴδω
2684 4527 2747 4569 λα
2781 4518 2893 4568 κατ’

459 4612 677 4676 ἀριθμόν
726 4626 958 4675 apparere
975 4647 990 4672 ‚
1039 4611 1093 4661 id
1124 4617 1199 4663 est
1216 4650 1229 4674 ,
1280 4612 1352 4663 ita
1383 4618 1442 4663 ut
1474 4611 1673 4676 singula
1705 4612 1850 4677 quasi
1880 4611 2141 4661 individua
2192 4616 2265 4672 (ut
2295 4617 2541 4663 recentem
2574 4611 2895 4677 significatio-

461 4721 572 4754 nem
605 4706 810 4770 antiquo
842 4706 1084 4756 vocabulo
1106 4707 1423 4772 subiungam)
1446 4712 1648 4772 possent
1667 4708 2017 4768 animadverti,
2052 4723 2165 4756 cum
2194 4706 2386 4772 reliqua
2404 4744 2417 4768 ,
2442 4724 2652 4772 quorum
2674 4724 2896 4772 „semper
