3529 5359
859 1036 1406 1131 CAPUT
1515 1036 2391 1135 SEPTIMUM.

655 1702 783 1763 DE
858 1701 1288 1764 Momm-1
1368 1703 1907 1765 LUORETM
1987 1703 2597 1767 ΟΟΟΤΒΙΝΑ.

493 1979 754 2064 Epicuri
813 1986 1098 2065 tempore
1144 1980 1504 2065 respublica
1549 1979 1965 2044 Atheniensis
2006 1979 2137 2043 iam
2186 1980 2292 2044 diu
2336 1980 2637 2066 pristinas
2676 1982 2845 2046 vires

405 2095 722 2159 amiserat.
789 2095 962 2159 Dum
1008 2117 1084 2160 ea
1127 2096 1393 2160 florebat
1441 2116 1659 2161 omnes
1705 2097 1877 2160 cives
1924 2097 2244 2160 communi
2292 2090 2601 2161 censensu
2646 2100 2843 2163 totius

405 2211 681 2274 civitatis
711 2210 981 2275 salutem
1026 2212 1450 2297 quaerebant:
1501 2213 1621 2275 etsi
1669 2212 1746 2276 de
1794 2213 1942 2295 via,
1992 2234 2117 2298 qua
2162 2213 2443 2298 petenda
2488 2220 2668 2297 erat,
2714 2236 2841 2278 non

407 2349 624 2392 omnes
670 2329 1182 2412 consentiebant,
1231 2351 1488 2394 concors
1519 2336 1733 2393 tamen
1779 2335 1915 2393 erat
1970 2330 2206 2393 civium
2237 2330 2409 2394 vitae
2440 2332 2631 2414 ratio,
2664 2334 2844 2418 quasi

405 2466 598 2509 unam
642 2445 947 2510 familiam
993 2446 1470 2510 constituerent.
1521 2446 1649 2511 Sed
1695 2447 2016 2510 communi
2062 2447 2169 2510 illo
2200 2447 2455 2512 vinculo
2484 2449 2838 2533 confract0,

404 2584 518 2626 sua
561 2563 788 2650 cuique
819 2564 987 2627 salus
1033 2565 1165 2627 sola
1197 2565 1369 2628 cordi
1402 2570 1555 2628 erat.
1604 2564 1775 2638 Quid
1807 2565 2099 2627 omnibus
2128 2564 2427 2649 prodesse
2462 2572 2678 2650 posset
2709 2589 2839 2630 non

407 2681 679 2765 primum
723 2681 1178 2768 quaerebatur,
1227 2683 1337 2747 sed
1382 2682 1694 2769 quomodo
1755 2683 2022 2770 quisque
2067 2684 2341 2747 iucunde
2388 2684 2603 2748 vivere
2628 2692 2841 2769 posset

406 2804 472 2862 et
518 2800 900 2884 tranquille,
948 2799 1014 2862 id
1058 2821 1276 2864 omnes
1323 2801 1737 2882 sollicitabat,
1788 2806 1852 2863 et
1897 2822 2020 2885 quo
2068 2802 2271 2885 magis
2316 2802 2676 2886 respublica
2706 2809 2842 2867 erat

407 2913 738 2979 debilitata
807 2921 871 2978 et
938 2921 1122 2979 vetus
1183 2916 1408 3000 religio
1454 2922 1821 3001 contempta
1863 2916 2154 2998 iacebat,
2224 2938 2298 2980 eo
2343 2918 2547 3002 magis
2594 2939 2639 2981 e.
2676 2940 2841 2982 com-

402 3033 582 3096 muni
645 3033 781 3097 vita
843 3033 1163 3118 sapientes
1210 3040 1273 3097 et
1319 3034 1486 3097 docti
1533 3035 1653 3098 viri
1698 3034 2148 3118 confugiebant
2193 3035 2273 3099 ad
2318 3035 2841 3121 philosophorum

407 3149 722 3215 doctrinas
748 3200 764 3233 ,
811 3156 882 3214 ut
926 3151 1122 3214 animi
1167 3152 1694 3238 tranquillitatem
1739 3158 2247 3237 assequerentur.
2322 3153 2490 3217 Nam
2535 3154 2675 3239 ipsa
2703 3152 2844 3239 phi-

403 3264 692 3350 losophia
715 3316 731 3349 ,
801 3288 990 3351 quam
1057 3266 1348 3331 Socrates
1406 3267 1534 3331 iam
1595 3268 1826 3331 dicitur
1876 3268 2251 3350 „devocasse
2299 3290 2334 3333 e
2380 3270 2595 3353 cae10,
2667 3276 2731 3333 et
2775 3272 2843 3333 in

403 3382 668 3446 urbibus
735 3383 1075 3448 collocasse
1145 3390 1210 3447 et
1275 3384 1343 3447 in
1406 3384 1621 3448 domos
1681 3386 1874 3449 etiam
1918 3385 2380 3469 introduxisse,
2450 3393 2513 3450 et
2560 3388 2842 3471 coegisse

405 3499 481 3562 de
528 3500 662 3563 vita
707 3506 771 3564 et
813 3501 1096 3564 moribus
1121 3551 1137 3584 ,
1182 3502 1497 3588 rebusque
1544 3502 1726 3565 bonis
1774 3508 1837 3566 et
1881 3503 2065 3566 malis
2109 3504 2456 3589 quaerere”
2492 3505 2535 3587 ¹)
2599 3505 2667 3567 in
2711 3526 2840 3569 mo-

402 3617 520 3680 rali
565 3616 850 3681 doctrina
893 3618 1024 3682 fere
1071 3624 1206 3682 tota
1249 3619 1662 3702 versabatur,
1710 3641 1855 3683 cum
1898 3619 2163 3705 physica
2208 3627 2271 3683 et
2316 3622 2619 3685 canonica
2664 3623 2843 3707 quasi

401 3734 670 3799 ancillae
730 3740 942 3799 essent
1009 3735 1268 3800 ethices.
1355 3737 1584 3823 Itaque
1649 3735 2025 3822 Ἐπίκουρος
2072 3738 2245 3822 ἔλεγε
2290 3741 2406 3815 τὴν
2454 3738 2865 3825 φιλοσοφίαν

401 3855 712 3937 ἐνέργειαν
759 3853 910 3918 εἶναι
955 3852 1186 3939 λόγοις
1231 3858 1326 3919 καὶ
1375 3851 1815 3941 διαλογισμοῖς
1858 3856 1972 3918 τὸν
2020 3855 2353 3937 εὐδαίμονα
2384 3853 2543 3941 βίον
2574 3884 2842 3940 περιποι-

399 3976 598 4035 οῦσαν
628 3966 702 4052 2).
790 3969 1223 4035 Romanorum
1267 3971 1660 4056 respublica,
1710 3972 1829 4035 etsi
1875 3971 2137 4035 ineunte
2171 3971 2419 4036 saeculo
2450 3973 2653 4058 primo
2686 3979 2835 4037 ante

402 4083 724 4149 Christum
768 4087 985 4151 multis
1031 4093 1166 4151 erat
1209 4089 1498 4173 partibus
1545 4088 1623 4152 ab
1668 4088 2086 4171 Atheniensi,
2142 4089 2345 4174 qualis
2393 4095 2527 4153 erat
2572 4088 2837 4174 Epicuri

399 4208 725 4289 tempore,
789 4204 1037 4269 diversa
1061 4255 1077 4288 ,
1138 4204 1258 4269 hoc
1306 4212 1522 4269 tamen
1566 4206 1734 4268 inter
1780 4211 2114 4292 utramque
2162 4205 2623 4288 conveniebat,
2671 4206 2839 4294 quod

406 4342 772 4403 „commune
837 4322 1114 4385 bonum”
1184 4344 1310 4386 11011
1377 4322 1649 4408 amplius
1719 4323 1890 4386 cives
1936 4343 2155 4385 omnes
2198 4322 2546 4405 incitabat,
2616 4328 2689 4385 ut
2734 4323 2838 4386 vel

461 4613 500 4677 ¹)
570 4612 672 4663 cic.
706 4610 848 4676 Disp.
885 4612 1030 4662 Tusc.
1066 4611 1153 4662 lib.
1189 4612 1252 4664 V.

459 4706 501 4771 ²)
573 4706 707 4757 Sext.
741 4707 886 4771 Emp.
923 4712 1063 4772 Πρὸς
1096 4707 1304 4773 δογματ.
1339 4708 1400 4757 Ε.
1441 4710 1547 4756 169.

2459 4806 2531 4866 11
