3529 5359
1605 377 1728 442 139

445 577 510 645 δὲ
580 582 822 664 φύσεως
893 582 1098 665 ὑγρᾶς
1166 582 1443 662 μάλιστα
1497 579 1905 665 μετειληφότα
1974 580 2139 662 πρὸς
2205 579 2321 643 τὸν
2369 581 2640 661 ὁμογενῆ
2686 576 2890 640 τόπον

444 693 855 780 συνδραμεῖν,
905 699 1342 774 ὀνομασθέντα
1386 696 1609 761 πλωτά
1668 743 1683 760 .
1730 699 1846 771 τὴν
1892 693 1955 761 δὲ
2002 706 2124 778 γῆν
2170 696 2260 761 ἀεὶ
2304 692 2559 773 μᾶλλον
2608 717 2890 773 στερεου-

442 815 636 894 μένην
701 813 830 876 ὑπό
887 840 950 877 τε
1018 820 1130 876 τοῦ
1193 818 1329 898 περὶ
1389 815 1502 877 τὸν
1549 812 1736 888 ἥλιον
1781 813 1985 896 πυρὸς
2031 815 2129 876 καὶ
2174 815 2299 875 τῶν
2345 810 2745 890 πνευμάτων,
2815 807 2887 871 τὸ

443 928 797 994 τελευταῖον
861 933 1065 1011 μηκέτι
1133 928 1441 995 δύνασθαι
1499 927 1690 1008 μηδὲν
1751 937 1879 994 τῶν
1923 928 2231 1009 μειζόνων
2278 923 2451 1006 (800)
2499 925 2889 1009 ζωογονεῖν,

444 1045 593 1110 ἀλλ’
639 1050 702 1110 {ac
745 1055 857 1120 τῆς
901 1046 1067 1131 πρὸς
1113 1045 1372 1121 ἄλληλα
1416 1045 1642 1128 μίξεως
1689 1048 1907 1110 ἕκαστα
1954 1048 2299 1130 γεννᾶσθαι
2345 1048 2472 1107 τῶν
2517 1043 2819 1126 ἐμψύχων
2874 1059 2887 1072 ·

445 1161 596 1228 ἐὀικε
661 1159 724 1228 δὲ
768 1168 902 1248 περὶ
951 1173 1062 1238 τῆς
1107 1168 1233 1226 τῶν
1281 1162 1455 1228 ὅλων
1503 1166 1749 1248 φύσεως
1797 1157 1930 1226 οὐδ’
1981 1157 2323 1244 Εὖριπῖδης
2368 1156 2701 1244 διαφωνεῖν
2753 1163 2891 1230 τοῖς

443 1282 950 1365 προειρημένοις,
1020 1282 1304 1360 μαθητὴς
1368 1279 1456 1344 ὢν
1503 1277 1947 1364 Ἀναξαγόρου
1994 1284 2107 1342 τοῦ
2157 1281 2423 1363 φυσικοῦ
2472 1323 2486 1338 .
2533 1277 2597 1340 ἐν
2643 1274 2767 1358 γὰρ
2815 1276 2891 1357 τῇ

449 1395 832 1484 Μελανίππῃ
876 1401 1127 1474 τίθησιν
1175 1397 1412 1471 οὕτως·

875 1515 962 1592 ὡς
1009 1515 1287 1599 οὐρανός
1332 1541 1395 1578 τε
1439 1515 1594 1599 γαῖά
1638 1515 1689 1576 τ’
1735 1519 1814 1590 ἦν
1858 1515 2068 1599 μορφὴ
2112 1517 2220 1595 μία
2258 1562 2271 1576 .

878 1633 1000 1696 ἐπεὶ
1051 1627 1103 1696 δ’
1130 1633 1576 1716 ἐχωρίσθησαν
1621 1630 1935 1705 ἀλλήλων
1980 1629 2167 1716 δίχα,

873 1752 1147 1812 τίκτουσι
1191 1748 1399 1813 πάντα
1448 1744 1802 1812 κάνέδωκαν
1850 1750 1936 1821 εἷς
1983 1749 2190 1832 φάος,

879 1861 1139 1949 δένδρη,
1183 1864 1470 1942 πετεινά,
1519 1869 1762 1946 θῆρας,
1816 1860 1930 1938 οὓς
1974 1863 2037 1928 θ’
2086 1862 2252 1943 ἅλμη
2297 1865 2499 1947 τρέφει
2528 1912 2542 1937 ,

877 1987 1067 2068 γένος
1112 2009 1174 2046 τε
1221 1986 1498 2058 θνητῶν.

530 2099 711 2164 Haec
758 2099 1058 2186 quoniam
1092 2099 1329 2184 optime
1362 2098 1782 2162 Lucretianos
1813 2117 2033 2160 versus
2062 2096 2415 2178 illustrant,
2462 2097 2667 2160 multa
2698 2097 2891 2160 etiam

446 2216 804 2282 distinctius
880 2217 1210 2299 referunt,
1257 2222 1393 2280 tota
1460 2215 2025 2300 transscripsimus.
2070 2214 2387 2279 Diodorus
2431 2215 2652 2300 procul
2698 2214 2891 2278 dubio

447 2355 531 2398 ex
573 2335 836 2421 Epicuri
884 2335 1013 2418 (vel
1057 2333 1450 2415 Democriti,
1499 2355 1534 2397 e
1581 2355 1705 2418 quo
1751 2332 2067 2418 Epicurus
2098 2354 2213 2396 sua
2244 2332 2607 2417 sumpserit)
2642 2331 2893 2416 scriptis

445 2450 674 2515 hausit.
766 2451 942 2515 Dicit
1008 2451 1180 2514 enim
1249 2450 1317 2513 in
1384 2451 1592 2536 capite
1661 2450 2129 2536 praecedente:
2203 2454 2261 2516 οἱ
2332 2448 2394 2516 δὲ
2440 2451 2747 2534 γεννητὸν
2795 2454 2893 2514 καὶ

449 2572 733 2655 φθαρτὸν
778 2569 930 2636 εἶναι
978 2573 1350 2652 νομίσαντες
1399 2572 1535 2649 (τὸν
1582 2571 1843 2653 κόσμον)
1890 2570 2129 2656 ἔφησαν
2177 2574 2409 2652 ὁμοίως
2458 2573 2712 2644 ἐκείνοις
2742 2573 2894 2644 τοὺς

448 2688 831 2772 ἀνθρώπους
895 2698 1111 2774 τυχεῖν
1156 2699 1268 2763 τῆς
1311 2691 1566 2774 πρώτης
1612 2692 1915 2773 γενέσεως
1962 2690 2331 2775 ὡρισμένοις
2380 2689 2686 2774 χρόνοιςτ
2756 2694 2895 2751 tum

449 2811 797 2891 sequuntur
863 2805 1060 2869 verba
1118 2805 1394 2869 laudata.
1487 2804 1672 2879 Quod
1732 2806 1785 2869 si
1855 2806 1983 2869 iam
2052 2804 2429 2887 addubitas,
2501 2824 2647 2868 ecce
2717 2803 2896 2868 locus

448 2922 778 2988 Censorini
813 2923 898 3005 ¹),
966 2922 1076 3007 qui
1142 2922 1400 2986 nomine
1467 2923 1684 2987 laudat
1753 2923 2147 3009 Epicurum:
2229 2944 2384 3005 „nec
2451 2922 2641 3006 longe
2712 2942 2895 2985 secus

452 3039 826 3126 „Epicurus.
914 3040 980 3104 Is
1040 3039 1211 3104 enim
1279 3040 1548 3105 credidit
1592 3041 1742 3105 limo
1792 3040 2127 3105 calefactos
2172 3046 2387 3105 uteros
2431 3040 2647 3103 nescio
2692 3060 2849 3126 quos
2876 3088 2893 3121 ,

453 3157 808 3239 „radicibus
851 3162 1059 3221 terrae
1105 3149 1520 3222 cohaerentes
1566 3158 1844 3243 primum
1890 3158 2275 3241 increvisse,
2323 3163 2389 3222 et
2430 3156 2777 3221 infantibus
2810 3177 2895 3220 ex

455 3297 557 3357 „se
625 3274 814 3339 editis
877 3275 1238 3359 ingenitum
1305 3276 1488 3339 lactis
1555 3275 1891 3340 humorem
1960 3282 2190 3341 natura
2253 3276 2653 3340 ministrante
2715 3296 2896 3361 prae-

454 3390 737 3472 „buissez
786 3412 943 3477 quos
989 3391 1080 3455 ita
1126 3390 1427 3454 educatos
1475 3397 1540 3455 et
1570 3392 1823 3455 adultos
1855 3412 2059 3476 genus
2088 3392 2417 3457 hominum
2448 3392 2894 3478 propagasse.”

447 3507 736 3593 Denique
803 3507 1180 3572 Lactantius
1202 3505 1246 3589 2)
1316 3529 1422 3572 eos
1467 3529 1688 3572 versus
1732 3508 1999 3573 laudans
2030 3509 2246 3573 addit:
2327 3510 2535 3591 „illius
2582 3509 2892 3595 (Epicuri)

453 3626 657 3705 „enim
704 3631 851 3690 sunt
897 3626 1110 3690 omnia
1134 3676 1150 3708 ,
1197 3647 1359 3711 quae
1407 3625 1633 3690 delirat
1677 3626 2081 3690 Lucretius.”

531 3743 738 3829 Supra
781 3765 871 3807 vs.
923 3746 1045 3807 799
1091 3748 1282 3828 poeta
1327 3743 1455 3807 iam
1503 3743 1668 3806 dixit
1712 3765 1841 3807 non
1888 3764 2025 3809 esse
2075 3745 2350 3828 mirum,
2399 3746 2493 3828 si,
2541 3767 2705 3810 nova
2750 3765 2895 3809 cum

449 3862 657 3925 omnia
721 3866 967 3943 essent,
1037 3862 1238 3925 multo
1309 3883 1501 3947 quam
1563 3883 1731 3925 nunc
1790 3862 2033 3926 maiora
2077 3863 2318 3927 creavit
2362 3863 2662 3927 animalia
2706 3867 2894 3925 terra.

449 3977 560 4043 Vs.
595 3981 718 4043 837
751 4000 922 4065 seqq.
957 3980 1232 4065 amplius
1265 3980 1344 4044 de
1377 3979 1498 4045 hoc
1528 3981 1668 4045 loco
1701 3981 1855 4065 agit.
1911 3981 2279 4068 „Multaque
2311 3987 2448 4045 tum
2481 3981 2671 4045 tellus
2702 3979 2898 4043 etiam

453 4103 781 4181 „portenta
846 4118 1062 4162 creare
1131 4104 1423 4162 conatast
1467 4098 1631 4163 mira
1673 4098 1835 4162 facie
1880 4099 2307 4186 membrisque
2354 4106 2604 4181 coorta,
2673 4096 2897 4162 andro-

455 4234 731 4299 „gynum
755 4264 772 4297 ,
833 4215 1273 4301 interutraque
1321 4237 1440 4280 nec
1488 4222 1744 4299 utrum,
1807 4216 2129 4302 utrimque
2181 4223 2536 4298 remotum,
2585 4215 2738 4280 orba
2787 4236 2898 4301 pe-

454 4331 641 4412 „dum
700 4333 936 4419 partim
959 4382 976 4415 ,
1043 4354 1351 4398 manuum
1399 4334 1666 4399 viduata
1716 4334 2037 4418 vicissim,
2104 4341 2283 4399 muta
2328 4335 2463 4399 sine
2510 4354 2617 4399 ore
2662 4333 2858 4399 etiam
2885 4382 2902 4416 ,

514 4594 548 4656 ¹)
615 4596 691 4645 De
724 4595 804 4647 die
836 4596 1024 4659 natali,
1060 4613 1164 4661 cap.
1202 4600 1247 4647 2.

508 4688 548 4755 ²)
617 4690 694 4740 De
726 4690 845 4755 opif.
883 4691 1011 4753 Dei,
1047 4708 1090 4743 c.
1127 4696 1172 4741 6.
