3529 5359
1598 383 1674 445 31

407 588 867 669 componentes
892 633 909 666 ,
958 587 1276 669 σπέρματα
1321 583 1427 647 vel
1482 589 1773 671 χρήματα
1816 583 2159 648 vocaverit.
2210 584 2301 651 Τᾰ
2352 589 2682 671 ὁμοιομερῆ
2706 606 2861 648 11011-

410 700 564 764 dum
630 700 801 786 apud
861 701 1201 765 Platonem
1261 701 1628 764 invenitur:
1687 701 1767 766 ab
1813 701 2163 766 Aristotele
2209 702 2412 786 primo
2458 708 2553 766 est
2598 724 2860 788 usurpa-

406 823 588 881 tum:
661 821 700 894 ἡ
771 823 1159 904 ὁμοιομέρεια
1227 824 1292 881 et
1359 822 1420 883 αἱ
1491 823 1901 904 ὁμοιομέρειαι
1968 817 2139 903 apud
2183 818 2563 902 posteriores
2610 823 2859 882 tantum

405 935 816 1020 reperiuntur
849 936 1208 1020 scriptores.
1256 971 1340 981 --
1389 933 1516 999 Sed
1559 935 1626 998 in
1671 955 1740 998 re
1787 941 1919 998 tam
1954 934 2259 1016 obscura,
2308 933 2561 998 difficile
2590 941 2689 998 est
2717 956 2860 1020 pro-

385 1053 562 1116 ·bare
588 1103 604 1136 ,
672 1053 823 1140 quid
883 1074 1109 1117 verum
1178 1053 1278 1117 sit.
1369 1053 1514 1116 Hoc
1584 1057 1802 1116 autem
1848 1073 1962 1116 nos
2009 1051 2358 1116 ostendisse
2426 1053 2479 1115 si
2523 1052 2857 1135 videmur,

405 1171 571 1235 nihil
633 1193 812 1254 esse,
862 1172 1029 1257 quod
1092 1177 1320 1256 cogat,
1388 1177 1461 1234 ut
1507 1175 1859 1234 statuamus
1905 1175 2160 1256 poetam
2208 1171 2611 1242 Clazomenio
2656 1170 2859 1257 philo-

405 1288 609 1374 sopho
654 1289 778 1375 ipsi
825 1289 1140 1353 studuisse
1161 1338 1176 1371 ,
1199 1281 1206 1287 ’
1226 1288 1338 1352 8οᾶ
1383 1294 1604 1352 contra
1633 1287 1980 1351 verisimile
2013 1308 2150 1352 esse
2170 1337 2187 1370 ,
2230 1309 2411 1370 eum,
2444 1309 2606 1374 quae
2639 1310 2723 1353 ex
2750 1289 2860 1352 illo

405 1406 648 1491 profert
692 1428 777 1470 ex
822 1407 1046 1470 eodem
1091 1407 1296 1489 fonte,
1344 1428 1468 1492 quo
1516 1413 1763 1489 cetera,
1810 1404 2138 1488 hausisse,
2186 1406 2313 1470 iam
2344 1407 2497 1472 satis
2528 1407 2667 1470 erit.
2716 1406 2861 1471 Hoc

405 1528 660 1586 tantum
719 1523 977 1608 insuper
1023 1522 1638 1605 animadvertamus,
1683 1523 1996 1608 primum,
2052 1523 2424 1587 Lucretium
2471 1525 2607 1609 (per
2650 1524 2861 1587 iocum

403 1645 482 1703 ut
548 1640 731 1704 nobis
803 1641 1084 1724 videtur)
1153 1641 1416 1704 minime
1486 1647 1660 1704 recte
1735 1645 1963 1726 putare
2035 1640 2491 1724 Anaxagoram
2574 1640 2860 1705 docuisse

413 1776 594 1836 „ossa
667 1777 702 1820 e
771 1757 1074 1842 pauxillis
1143 1763 1333 1842 atque
1401 1757 1666 1820 minutis
1729 1757 1974 1821 ossibus
2035 1762 2099 1821 et
2174 1757 2252 1820 de
2288 1758 2621 1843 'pauxillis
2667 1764 2861 1844 atque

405 1873 671 1936 minutis
731 1873 1080 1938 visceribus
1132 1874 1341 1938 viscus
1395 1873 1612 1958 gigni’'
1662 1875 1776 1957 (vs,
1826 1875 1951 1938 835
1978 1924 1995 1957 ,
2065 1876 2175 1957 36)
2224 1874 2393 1961 quod
2438 1875 2861 1960 Anaxagoras

404 2012 536 2055 non
583 1991 838 2075 docuit3
907 1991 1136 2056 deinde
1183 2012 1330 2055 eum
1377 2012 1588 2055 errare
1634 1997 1969 2076 putantem
2038 1994 2191 2075 (864
2248 1994 2447 2078 seqq.)
2516 1993 2861 2078 Anaxago-

403 2131 544 2174 ram
591 2131 812 2173 omnes
858 2129 960 2173 res
1005 2129 1436 2197 quascumque
1483 2130 1520 2172 e
1567 2109 1665 2172 sui
1711 2110 1964 2193 generis
2000 2109 2231 2173 atomis
2262 2131 2669 2201 componere,
2716 2132 2861 2175 cum

405 2226 758 2292 Aristotele
805 2233 968 2290 teste
1016 2227 1193 2307 (vide
1240 2233 1456 2291 notam
1505 2228 1720 2312 supra)
1772 2232 1836 2290 et
1880 2226 2227 2290 Plutarcho
2274 2228 2456 2312 (plac.
2503 2229 2555 2292 Ι.
2608 2231 2666 2293 3.
2716 2234 2863 2310 ὁμο-

407 2345 721 2431 λογητέον
788 2348 957 2411 ἐστὶν
1025 2349 1120 2410 ὅτι
1187 2349 1252 2410 ἐν
1313 2351 1388 2431 τῇ
1447 2350 1654 2430 τροφῇ
1697 2350 1773 2431 τῇ
1818 2349 2295 2432 προσφερομένῃ
2357 2347 2561 2412 πάντα
2610 2352 2737 2413 ἐστὶ
2787 2347 2863 2414 rol

408 2465 585 2545 ὄντα)
641 2463 960 2545 docuerit,
1026 2463 1220 2527 etiam
1269 2483 1406 2526 esse
1453 2483 1595 2544 res,
1667 2482 1831 2548 quae
1878 2462 2365 2526 commixtiones
2411 2463 2559 2527 sint·
2580 2463 2862 2548 plurium

407 2581 890 2645 elementorum.
980 2579 1155 2644 Num
1223 2579 1384 2644 haec
1429 2580 1587 2643 vitia
1633 2599 1717 2642 ex
1762 2578 2041 2664 Epicuro
2084 2579 2406 2662 hauserit,
2471 2581 2860 2661 dubitamus.

496 2692 674 2773 Quae
741 2720 928 2785 porro
975 2706 1194 2764 contra
1238 2697 1696 2784 Empedoclem
1756 2698 2011 2783 scripsit
2054 2699 2475 2783 praeterimus
2497 2750 2513 2783 ,
2560 2700 2859 2787 quoniam

404 2816 932 2902 insequentibus
975 2816 1154 2880 libris
1201 2836 1390 2902 saepe
1438 2816 1877 2901 opportunitas
1922 2816 2105 2879 nobis
2151 2816 2406 2881 dabitur
2450 2817 2813 2903 inquirendi
2840 2868 2857 2902 ,

405 2954 563 2997 num
617 2934 678 2997 ei
724 2932 1101 3019 philosopho
1148 2940 1364 2997 noster
1409 2953 1521 2996 suo
1566 2938 1771 2996 marte
1818 2912 2077 3019 operam
2123 2933 2405 3018 dederit,
2454 2935 2621 3021 quod
2667 2936 2721 2999 si
2764 2935 2857 3000 ita

405 3056 542 3133 est,
588 3051 942 3115 cuiusmodi
988 3051 1114 3115 sint
1158 3071 1320 3136 quae
1367 3072 1452 3115 ex
1496 3050 1607 3114 illo
1653 3052 2013 3137 sumpserit.
2137 3131 2139 3134 Ι
2792 3125 2795 3127 Ὗ

497 3168 864 3256 Antequam
911 3168 992 3233 ad
1035 3169 1272 3233 librum
1317 3169 1700 3251 secundum,
1757 3169 1835 3233 de
1880 3168 2103 3233 mundi
2149 3190 2234 3233 ex
2278 3170 2504 3235 atomis
2550 3171 2857 3256 composi-

406 3287 583 3350 tione
629 3294 962 3371 agentem,
1009 3292 1291 3351 transeat
1321 3292 1540 3371 poeta,
1590 3287 1746 3351 duas
1777 3308 1879 3350 res
1910 3292 2174 3369 tractat,
2207 3308 2371 3372 quae
2403 3289 2744 3354 transitum
2775 3288 2857 3354 ad

406 3404 744 3489 sequeutia
803 3405 1232 3468 constituunt:
1305 3404 1509 3489 primo
1558 3404 1728 3467 enim
1776 3426 1842 3468 se
1890 3404 2468 3469 demonstraturum
2519 3428 2657 3471 esse
2706 3407 2858 3471 dicit

408 3525 479 3584 et
543 3520 875 3584 materiem
944 3526 1008 3583 et
1051 3542 1324 3584 vacuum
1370 3520 1620 3584 infinita
1666 3541 1804 3583 esse
1840 3520 1915 3604 ¹);
1982 3520 2210 3586 deinde
2256 3522 2703 3587 nonnullorum
2750 3544 2859 3608 op-

406 3643 654 3723 pugnat
699 3637 1088 3720 doctrinam,
1137 3638 1349 3701 omnia
1393 3638 1461 3701 in
1507 3637 1790 3700 medium
1836 3638 1956 3700 niti
2002 3638 2385 3701 docentium.
2426 3676 2507 3683 ——
2542 3638 2635 3703 Ut
2680 3640 2857 3725 prius

405 3754 569 3818 illud
591 3755 816 3840 probet
842 3754 1066 3839 incipit
1089 3754 1168 3817 ab
1192 3754 1440 3818 infinito
1473 3754 1678 3840 spatio
1708 3754 2011 3817 universi.
2065 3754 2309 3835 „Omne
2334 3754 2503 3841 quod
2534 3762 2631 3821 est
2659 3756 2857 3841 igitur

406 3872 566 3956 (scil.
593 3873 888 3957 spatium)
918 3871 1097 3935 nulla
1126 3873 1384 3956 regione
1416 3872 1664 3935 viarum
1689 3872 1939 3934 finitum
1967 3870 2105 3933 est'’
2142 3874 2253 3953 (vs.
2284 3874 2457 3955 958);
2482 3894 2629 3935 nam
2666 3875 2730 3936 1⁰
2758 3874 2856 3936 sin

405 3990 503 4053 ita
548 3996 757 4072 esset,
805 3989 1067 4054 definire
1121 3992 1194 4055 τὸ
1241 4010 1427 4053 omne
1475 3989 1736 4054 deberet
1782 3989 1956 4053 aliud
2002 3989 2356 4075 quoddam,
2429 3991 2596 4076 quod
2640 3996 2855 4055 tamen

405 4127 538 4169 11011
583 4113 833 4191 potest,
882 4112 954 4169 ut
985 4106 1305 4191 intellegit
1338 4108 1602 4194 quisque
1622 4157 1639 4190 ,
1687 4107 1985 4194 quoniam
2015 4085 2269 4192 praeter
2298 4127 2512 4170 rerum
2544 4129 2854 4173 summam

476 4336 588 4387 Hoc
640 4342 806 4387 tamen
860 4341 1062 4401 apparet
1115 4353 1178 4387 ex
1231 4342 1440 4401 utroque
1457 4374 1470 4399 ‚
1505 4338 1853 4399 Anaxagoram
1886 4334 2168 4388 distinxisse
2202 4351 2279 4385 res
2313 4350 2375 4385 ex
2408 4333 2627 4385 eiusdem
2661 4336 2855 4400 generis

408 4430 587 4481 atomis
633 4432 924 4495 compositas
971 4432 1032 4481 ab
1066 4430 1128 4481 iis
1147 4469 1158 4491 ‚
1204 4448 1330 4500 quae
1369 4448 1396 4481 e
1439 4430 1566 4480 varii
1611 4430 1805 4494 generis
1866 4429 2041 4480 atomis
2084 4437 2203 4479 sunt
2240 4436 2406 4479 ortae:
2467 4430 2607 4479 cibus
2638 4430 2856 4495 exempli

408 4524 572 4588 gratia
608 4524 758 4575 huius
792 4524 984 4589 generis
1016 4523 1120 4585 est,
1155 4541 1264 4574 ossa
1283 4562 1296 4587 ,
1337 4524 1576 4587 capillus,
1612 4540 1738 4574 vena
1757 4562 1771 4586 ‚
1812 4529 1925 4573 cett.
1962 4528 2081 4572 sunt
2119 4522 2272 4573 illius.

480 4618 518 4681 ¹)
586 4620 720 4669 Plut.
768 4620 893 4684 plac.
947 4620 1007 4681 Ι,
1058 4624 1120 4682 3,
1163 4623 1224 4669 28
1272 4619 1404 4671 εἶναι
1446 4620 1494 4671 δὲ
1542 4628 1626 4669 και·
1678 4620 1809 4671 αὐτὸ
1844 4620 1902 4669 τὸ
1937 4623 2083 4671 κενὸν
2118 4624 2365 4683 ἄπειρον,
2412 4621 2496 4669 καὶ
2548 4622 2610 4667 τὰ
2644 4622 2855 4684 σώματα

407 4717 613 4778 ἄπειρα.
651 4768 656 4780 ,
