3529 5359
1856 393 1941 458 38

673 619 837 663 mus.
896 595 1148 663 Cadunt
1177 596 1349 661 enim
1394 596 1590 662 atomi
1637 596 1985 662 secundum
2015 597 2253 661 lineam
2276 601 2517 660 rectam
2539 595 2646 661 vel
2666 615 2831 682 quae
2854 593 3116 680 paulum

676 715 757 779 ab
782 735 858 778 ea
885 713 1178 778 declinat.
1227 713 1355 778 Sed
1377 719 1733 778 atomorum
1758 713 2045 777 infinitus
2076 719 2174 778 est
2205 734 2526 794 numerus,
2558 712 2879 797 complent
2912 716 3116 774 totum

677 831 953 917 spatium
1019 829 1112 894 ita
1176 836 1249 894 ut
1315 852 1629 917 nusquam
1676 831 1760 893 sit
1806 851 2027 894 earum
2074 850 2307 915 expers
2352 850 2644 894 vacuum.
2736 826 2976 902 Quodsi
3025 826 3119 889 ita

677 925 776 1012 est
800 997 816 1030 ,
883 947 1080 1012 atomi
1142 947 1369 1012 cadere
1413 969 1542 1012 non
1586 953 1892 1034 possunt,
1938 969 2087 1012 nam
2132 947 2302 1036 quod
2344 947 2513 1012 cadit
2558 947 2834 1033 spatium
2879 945 3117 1008 habere

678 1062 868 1128 debet
935 1084 1052 1150 per
1107 1065 1278 1152 quod
1321 1065 1526 1148 cadit,
1594 1066 1660 1129 id
1706 1065 1875 1152 quod
1919 1066 2057 1151 ipse
2101 1065 2418 1151 Epicurus
2463 1071 2530 1128 et
2574 1062 2911 1127 Lucretius
2954 1061 3117 1126 affir-

677 1189 874 1248 mant.
963 1181 1055 1246 At
1102 1205 1163 1244 σο
1211 1204 1225 1244 :
1273 1205 1336 1244 οο
1381 1207 1465 1234 =
1516 1185 1584 1264 1,
1653 1182 1931 1267 spatium
1998 1182 2198 1267 igitur
2264 1203 2380 1268 per
2438 1181 2607 1268 quod
2652 1180 2880 1246 cadant
2923 1178 3120 1243 atomi

677 1321 805 1366 non
868 1298 1066 1365 adest.
1157 1299 1377 1364 Atomi
1421 1319 1490 1362 re
1542 1320 1689 1364 vera
1732 1299 1801 1362 in
1846 1319 2046 1363 vacuo
2094 1320 2161 1363 se
2207 1320 2465 1363 movere
2512 1303 2778 1384 possunt
2824 1296 2937 1361 sed
2978 1302 3117 1360 tan-

677 1417 1002 1507 tummodo
1028 1466 1044 1499 ,
1091 1416 1143 1482 si
1191 1416 1268 1480 de
1315 1422 1446 1480 toto
1493 1437 1755 1480 numero
1803 1437 2008 1481 sermo
2054 1423 2193 1499 est,
2239 1417 2307 1480 in
2354 1417 2659 1480 circulum
2686 1464 2702 1497 ,
2749 1414 3007 1479 volvere
3048 1434 3119 1477 se

680 1536 916 1601 debent
960 1535 1128 1600 circa
1172 1555 1381 1599 axem.
1430 1535 1863 1617 Democritus,
1911 1534 2020 1621 qui
2072 1535 2140 1598 in
2192 1535 2382 1599 rebus
2433 1533 2901 1598 mathematicis
2929 1532 3121 1616 longe

678 1653 994 1739 longeque
1061 1651 1411 1737 Epicurum
1479 1652 1861 1737 superabat,
1940 1658 2182 1716 rectam
2248 1651 2461 1716 docuit
2523 1650 2871 1714 doctrinam
2896 1698 2912 1730 ,
2975 1670 3119 1712 cum

680 1777 844 1835 teste
909 1769 1201 1854 Diogene
1261 1770 1520 1834 Laertio
1562 1769 1602 1854 ¹)
1673 1769 2053 1834 affirmaret:
2134 1775 2229 1835 καὶ
2298 1768 2411 1849 τοὶς
2478 1770 2753 1852 ἀτόμους
2822 1767 3121 1848 ἀπείρους

681 1887 835 1954 εἶναι
880 1884 1030 1953 κατὰ
1074 1889 1343 1971 μέγεθος
1388 1891 1484 1952 καὶ
1531 1885 1828 1966 πλῆθος,
1875 1891 2259 1972 φέρεσθαι
2306 1884 2465 1953 δ’ἐν
2510 1891 2607 1973 τῷ
2654 1886 2821 1972 ὅλῳ
2867 1882 3122 1951 δινου-

679 2007 817 2088 μέυ
836 2031 946 2078 ας.
1035 2003 1269 2066 Iurene
1316 2002 1480 2066 dixit
1526 2003 1746 2068 Cicero
1795 2003 2200 2089 Gargettium
2246 2026 2355 2087 ea,
2404 2024 2565 2090 quae
2618 2003 2698 2067 ab
2753 2002 3121 2067 Democrito

682 2125 974 2184 mutuata
1042 2120 1358 2204 corrigere
1426 2120 1622 2204 velit,
1694 2120 2041 2206 depravare
2108 2120 2363 2185 videri?
2388 2119 2439 2205 2)
2528 2121 2607 2184 In
2672 2120 2843 2184 idem
2892 2119 3123 2184 vitium

681 2242 871 2323 poeta
935 2237 1262 2302 Romanus
1329 2258 1579 2324 quoque
1646 2238 1850 2302 irruit.
1941 2239 2005 2302 N
2008 2258 2078 2302 ec
2146 2259 2274 2302 non
2338 2239 2409 2302 iu
2477 2238 2919 2322 gravissimum
2964 2236 3123 2301 illud

681 2355 944 2441 Epicuri
1007 2355 1271 2437 vitium,
1333 2377 1458 2442 quo
1519 2356 1655 2442 ipse
1728 2356 2115 2442 principium
2183 2377 2335 2420 suae
2385 2356 2707 2421 doctrinae
2754 2354 3123 2439 (secundum

683 2470 853 2558 quod
917 2470 1079 2536 nihil
1125 2491 1160 2535 e
1228 2471 1430 2535 nihilo
1498 2472 1637 2536 fieri
1705 2472 1946 2558 possit,
2018 2472 2131 2536 sed
2196 2472 2407 2536 omnia
2464 2493 2626 2558 quae
2672 2472 2825 2535 fiant
2870 2493 3124 2535 causam

680 2587 984 2671 habeant)
1047 2588 1398 2670 subvertit,
1460 2595 1650 2674 poeta
1708 2589 2125 2675 philosophus
2192 2595 2408 2654 noster
2468 2589 2661 2652 etiam
2714 2588 2956 2653 incidit.
3045 2589 3123 2652 In

681 2728 882 2771 vacuo
950 2706 1162 2770 omnia
1229 2728 1490 2792 corpora
1535 2727 1736 2793 aeque
1785 2707 2077 2772 celeriter
2123 2707 2389 2790 cadunt,
2436 2708 2733 2794 quoniam
2777 2706 2941 2770 nihil
2986 2712 3121 2790 est,

682 2822 851 2910 quod
894 2823 973 2886 iis
1018 2822 1270 2887 resistat
1299 2820 1370 2906 ³).
1461 2822 1701 2898 Quodsi
1745 2824 1839 2887 ita
1882 2830 1999 2907 est,
2044 2826 2240 2889 atomi
2284 2825 2451 2889 inter
2496 2846 2563 2889 se
2609 2846 2935 2911 nunquam
2980 2845 3122 2889 con-

683 2960 936 3004 currere
1004 2945 1270 3026 possunt
1294 2988 1311 3023 ,
1379 2939 1492 3004 sed
1559 2940 1907 3004 secundum
1966 2941 2168 3007 lineas
2220 2942 2686 3028 παραλλήλους
2739 2941 2967 3007 cadant
3016 2962 3125 3005 ne-

683 3078 858 3123 cesse
919 3062 1034 3121 est.
1124 3056 1403 3143 Epicuro
1431 3106 1447 3139 ,
1516 3062 1588 3121 ut
1648 3056 1769 3122 hoc
1814 3058 2044 3123 vitium
2090 3058 2443 3143 effugeret,
2490 3079 2749 3123 necesse
2793 3058 3128 3123 videbatur

683 3178 963 3238 statuere
1051 3178 1294 3237 atomos
1385 3179 1559 3238 certo
1629 3180 1914 3259 tempore
1940 3222 1957 3256 ,
2028 3174 2348 3238 nescimus
2418 3174 2529 3238 ubi
2598 3181 2662 3239 et
2728 3174 2979 3262 quando
3004 3224 3020 3257 ,
3090 3196 3131 3239 a

682 3290 855 3355 linea
919 3295 1095 3356 recta
1161 3290 1510 3355 declinasse
1578 3292 1955 3377 perpaulum
2031 3312 2185 3373 „nec
2244 3291 2389 3377 plus
2437 3315 2627 3379 quam
2668 3292 3042 3356 minimum”
3074 3294 3169 3375 ⁴),

681 3408 774 3471 ita
840 3414 910 3472 ut
962 3408 1131 3473 iuter
1191 3430 1258 3473 se
1311 3409 1562 3473 concuti
1628 3415 1905 3494 possent.
2000 3410 2337 3474 Lucretius
2391 3416 2457 3474 et
2501 3411 2816 3496 Epicurus
2862 3431 2989 3473 non
3036 3410 3130 3473 di-

685 3531 876 3608 cunt,
947 3546 1099 3589 num
1163 3546 1381 3589 omnes
1441 3526 1635 3589 atomi
1683 3526 2005 3591 declinent
2053 3527 2250 3612 (quod
2297 3548 2332 3592 e
2378 3533 2686 3591 contextu
2732 3528 2910 3613 sequi
2953 3526 3130 3590 vide-

751 3773 792 3833 1)
861 3771 969 3823 IX:
1007 3777 1086 3822 44.

748 3867 793 3931 ²)
859 3868 936 3917 De
971 3866 1083 3917 Fin.
1119 3867 1180 3919 1:
1219 3870 1282 3928 6,
1321 3868 1380 3920 17
1415 3872 1466 3917 et
1500 3870 1590 3928 18,
1627 3871 1688 3917 20
1721 3872 1773 3918 et
1808 3871 1903 3929 21,
1939 3872 2055 3919 cett.

749 3964 794 4027 ³)
858 3962 968 4013 Vol.
1006 3962 1209 4013 Hercul.
1245 3961 1338 4023 ΙΙ,
1372 3967 1490 4013 tom.
1529 3963 1618 4024 ΙΙ,
1658 3966 1748 4013 160
1786 3963 2084 4029 ι’σοταχε(ις)
2122 3966 2213 4014 εἰσι
2248 3965 2299 4016 αἱ
2336 3964 2571 4030 (α’)τομοι.
2600 3966 2664 4015 D.
2702 3966 2759 4016 L.
2794 3966 2875 4027 X,
2911 3969 2969 4015 61
2998 3983 3010 4015 ε
3045 3968 3133 4017 καὶ

684 4059 786 4123 μὴν
836 4060 920 4108 καὶ
971 4058 1230 4123 ἰσοταχεῖς
1281 4060 1569 4125 α’ναγιι-αἴον
1622 4062 1713 4118 τὰς
1747 4062 1969 4124 ἀτόμους
2004 4063 2166 4121 εἶναι,
2218 4061 2347 4111 ὅταν
2386 4062 2469 4112 διὰ
2507 4064 2596 4113 τοῦ
2631 4064 2775 4113 κενοῦ
2810 4062 3131 4128 εἰςφέρωνται

686 4154 896 4219 μηδενὸς
949 4155 1387 4213 ἀντικόπτοντος.
1413 4158 1529 4207 ο”τε
1586 4160 1682 4222 γὰρ
1740 4165 1805 4206 τὸ.
1854 4156 2019 4221 βαρέα
2071 4159 2270 4207 θᾶττον
2319 4157 2612 4217 οἰσθήσεται
2673 4165 2778 4207 τῶν
2823 4163 3012 4224 μικρῶν
3045 4162 3133 4209 καὶ

687 4250 888 4313 κούφων
941 4252 1070 4301 ὅταν
1120 4268 1174 4315 γε
1225 4250 1287 4310 δὴ
1338 4250 1491 4313 μηδὲν
1540 4254 1753 4317 ἀπαντᾷ
1804 4252 2152 4310 αὑτοῖς.οὖτε
2205 4258 2267 4303 τὰ
2318 4257 2472 4317 μικρὰ
2507 4259 2612 4304 τῶν
2644 4259 2903 4319 μεγάλων,
2954 4255 3131 4303 πάντα

686 4348 854 4408 πόρον
905 4345 1192 4409 σύμμετρον
1243 4346 1462 4411 ἔχοντα,
1513 4347 1641 4397 ὅταν
1693 4349 1855 4410 μηθὲν
1900 4349 2019 4411 μὴτ·
2072 4346 2273 4406 ἐκείνοις
2323 4351 2622 4412 ἀντικόπτῃ.
2690 4350 2769 4398 Ex
2802 4348 2893 4398 hoc
2922 4348 3135 4398 notabili

686 4438 870 4503 placito
903 4438 1070 4489 videre
1105 4439 1246 4502 licet,
1282 4446 1521 4506 quantum
1555 4441 1781 4491 veritatis
1814 4442 1869 4491 in
1902 4442 2107 4507 physica
2141 4443 2365 4493 doctrina
2404 4460 2597 4509 quoque
2637 4444 2740 4494 sola
2762 4444 2887 4493 ratio
2908 4443 3135 4494 invenire

690 4535 847 4600 possit
899 4540 951 4586 et
1003 4536 1241 4601 quamdiu
1289 4536 1532 4588 eiusmodi
1561 4537 1767 4588 inventa
1798 4537 1898 4587 iam
1930 4544 2047 4589 nota
2080 4554 2185 4589 esse
2216 4539 2408 4603 possint
2424 4577 2437 4601 ,
2488 4545 2751 4607 antequam
2784 4538 3133 4604 experimentis

689 4630 974 4695 probentur.

754 4727 789 4791 ⁴)
861 4727 950 4793 ΙΙ,
986 4743 1059 4777 vs.
1097 4730 1206 4781 244.
