3529 5359
1809 375 1929 438 146

732 579 795 644 N
799 601 880 642 on
948 597 1280 664 possumus
1353 577 1505 663 quin
1578 577 1953 642 Lucretium
2027 577 2358 642 laudemus
2383 628 2399 661 ,
2474 599 2619 642 cum
2684 579 3085 664 perspexerit

647 697 867 784 quanti
932 695 1292 761 faciendum
1357 695 1440 758 sit
1507 694 1609 777 ei,
1673 695 1781 780 qui
1824 695 2063 780 primos
2105 716 2313 759 mores
2359 700 2423 759 et
2468 696 2708 759 cultum
2753 695 3084 760 hominum

643 814 988 899 scripturus
1055 813 1138 876 sit
1162 863 1178 896 ,
1238 812 1548 895 originem
1607 811 1775 895 ignis
1820 812 2083 898 eiusque
2129 812 2473 875 utilitatem
2517 811 2599 875 ad
2640 813 2840 876 vitam
2887 833 3078 878 exco-

643 932 896 996 lendam
961 951 1221 996 noscere
1280 936 1344 993 et
1388 930 1550 992 hanc
1597 929 1677 993 ob
1723 950 1979 994 causam
2025 951 2171 994 eum
2217 951 2468 1016 quoque
2515 931 2723 994 locum
2770 937 3082 996 tractave-

642 1049 744 1113 rit.
833 1050 1006 1113 Num
1052 1048 1338 1113 consulto
1383 1053 1598 1111 tamen
1643 1053 1835 1132 poeta
1864 1048 2090 1112 ceteris
2119 1048 2246 1112 iam
2278 1048 2527 1133 scriptis
2558 1048 2595 1131 ¹)
2640 1048 2806 1112 hanc
2836 1055 3084 1134 partem

643 1165 768 1230 huc
837 1166 1273 1247 collocaverit,
1333 1170 1669 1250 postquam
1730 1187 1823 1228 vs.
1897 1167 2055 1229 1011
2124 1167 2338 1249 ignem
2405 1171 2697 1251 paratum
2759 1188 2897 1231 esse
2955 1168 3085 1232 iam

643 1283 936 1366 dixerat,
1001 1289 1074 1347 ut
1131 1283 1443 1348 indicaret
1505 1283 1819 1366 originem
1877 1283 2045 1366 ignis
2111 1289 2255 1368 post
2314 1284 2570 1367 linguae
2616 1284 2926 1367 originem
2970 1306 3084 1348 ex-

643 1401 878 1465 stitisse
902 1400 973 1482 2),
1043 1407 1139 1464 est
1184 1400 1351 1486 quod
1399 1399 1668 1470 dubites,
1759 1401 1987 1484 Ignem
2058 1400 2210 1464 dicit
2275 1400 2539 1465 fortasse
2583 1401 2850 1466 fulmina
2902 1401 3079 1465 detu-

639 1518 790 1582 lisse
819 1518 887 1581 in
923 1523 1192 1599 terram,
1239 1517 1306 1581 in
1334 1517 1454 1581 h'oc
1486 1539 1630 1580 cum
1660 1518 2119 1581 recentioribus
2150 1517 2303 1580 viris
2336 1517 2538 1581 doctis
2566 1517 2967 1581 consentiens
2993 1521 3037 1597 3)
3064 1541 3079 1602 3

639 1636 834 1699 etiam
893 1635 1031 1698 fieri
1089 1635 1298 1720 potuit
1358 1639 1428 1698 ut
1496 1634 1656 1698 aridi
1725 1634 1966 1698 arboris
2031 1633 2192 1696 rami
2260 1633 2467 1697 ventis
2528 1634 2754 1718 agitati
2816 1635 3080 1700 terendo

635 1753 1080 1836 ignescerent,
1147 1758 1220 1816 ut
1278 1753 1445 1816 inter
1511 1757 1762 1816 nostrae
1833 1751 2061 1815 aetatis
2129 1751 2345 1815 doctos
2413 1751 2674 1815 Kuhnio
2737 1752 2977 1837 placuit
3008 1757 3079 1829 ⁴).

639 1869 802 1938 Cum
847 1869 1016 1953 ignis
1059 1890 1211 1933 usus
1255 1873 1442 1932 notus
1489 1873 1688 1950 esset,
1737 1867 1864 1950 sol,
1913 1868 2020 1953 qui
2066 1867 2261 1930 radiis
2308 1868 2437 1931 suis
2482 1867 2725 1930 fructus
2754 1872 3079 1950 maturat,

636 1986 810 2050 cibos
863 1986 983 2049 sibi
1037 2007 1305 2072 coquere
1335 1985 1625 2049 homines
1657 1985 1943 2049 docuisse
1977 1984 2206 2049 dicitur
2238 1982 2303 2067 ⁵).
2372 1985 2451 2048 In
2476 1990 2613 2048 tota
2642 1984 2762 2048 hac
2795 1984 3081 2048 doctrina

633 2108 824 2188 poeta
854 2124 1043 2188 quam
1067 2102 1303 2187 optime
1335 2102 1453 2166 sibi
1484 2107 1764 2166 constat:
1803 2107 1875 2164 ut
1906 2122 2055 2164 casu
2086 2100 2357 2187 quodam
2389 2106 2453 2163 et
2483 2100 2742 2164 fortuito
2776 2106 2949 2164 totus
2970 2099 3078 2164 hic

631 2219 906 2284 mundus
973 2220 1176 2284 factus
1242 2226 1379 2301 est,
1445 2220 1534 2284 sic
1601 2241 1750 2283 casu
1820 2239 2069 2305 quoque
2138 2224 2202 2281 et
2248 2219 2507 2282 fortuito
2568 2223 2737 2282 artes
2782 2218 3077 2301 cognosci

636 2343 1014 2422 coeperunt:
1087 2337 1210 2402 ὑπὸ
1271 2347 1380 2413 τῆς
1449 2343 1667 2423 πείρας
1733 2336 2023 2400 homines
2092 2335 2259 2399 docti
2328 2341 2475 2398 sunt
2504 2334 2575 2418 6).
2666 2335 2772 2399 Ex
2815 2334 3078 2399 Diodori

633 2453 850 2516 verbis
897 2451 1187 2517 concludi
1231 2473 1414 2537 posse
1459 2452 1618 2514 mihi
1663 2452 1916 2516 videtur
1961 2453 2309 2537 Epicurum
2354 2451 2527 2545 idem
2572 2451 2899 2515 docuisse:
2946 2473 3077 2514 non

633 2571 852 2634 omnia
917 2591 1142 2634 revera
1209 2570 1379 2656 apud
1446 2592 1594 2634 eum
1649 2571 2049 2652 invenimuS,
2118 2593 2279 2656 quae
2326 2570 2665 2634 Lucretius
2710 2570 2916 2652 canit,
2964 2569 3077 2633 sed

638 2694 857 2753 contra
926 2688 1244 2751 Diodorus
1310 2689 1514 2751 multa
1581 2709 1664 2751 ex
1709 2688 1987 2773 Epicuro
2033 2688 2267 2751 referre
2316 2688 2609 2770 videtur,
2679 2709 2840 2773 quae
2886 2692 3077 2772 poeta

637 2828 766 2870 non
833 2812 1184 2869 memorat:
1256 2805 1470 2891 itaque
1537 2812 1876 2891 utrumque
1937 2826 2020 2869 ex
2080 2805 2363 2869 eiusdem
2414 2805 2778 2890 philosophi
2826 2806 3076 2890 scriptis

629 2923 915 2987 hausisse
940 2922 1125 2986 facile
1158 2922 1497 3005 concedes,
1532 2943 1676 2986 cum
1708 2945 1954 2987 summa
1983 2924 2105 3005 rei,
2136 2929 2209 2986 ut
2239 2925 2330 2986 ita
2363 2922 2601 3005 dicam,
2634 2922 2805 3007 apud
2830 2928 3075 2986 utrum-

631 3063 754 3128 que
825 3041 1048 3105 eadem
1117 3041 1216 3104 sit.
1308 3041 1625 3105 Diodorus
1695 3041 1847 3105 dicit
1912 3041 2202 3105 homines
2267 3042 2543 3126 primum
2609 3041 2802 3105 fuisse
2869 3043 3074 3127 πυρὸς

630 3159 886 3235 ἀήθεις,
939 3168 1178 3244 τροφῆς
1226 3156 1278 3223 δ’
1311 3160 1538 3243 ἡμέρου
1570 3158 1898 3238 παντελῶς
1934 3158 2355 3234 ἀνεννοήτους
2408 3207 2421 3221 .
2472 3206 2485 3221 .
2537 3207 2551 3222 .
2601 3207 2615 3222 .
2662 3162 3073 3244 ’γνωσθέντος

632 3273 692 3341 δὲ
738 3281 853 3339 τοῦ
902 3277 1105 3360 πυρὸς
1153 3280 1248 3340 καὶ
1296 3282 1424 3341 τῶν
1471 3275 1694 3341 ἄλλων
1739 3282 1869 3340 τῶν
1916 3280 2288 3361 χρησίμων,
2358 3275 2508 3341 sca-roi
2552 3277 2772 3361 μικρὸν
2818 3281 2913 3341 καὶ
2960 3274 3072 3351 τοὶς

629 3395 862 3479 τέχνας
929 3395 1293 3478 εὑρεθῆναι,
1362 3397 1457 3457 καὶ
1525 3392 1734 3458 τᾶλλα
1802 3391 1879 3458 ra*
1946 3390 2257 3474 δυνάμενα
2304 3395 2417 3458 τὸν
2463 3396 2679 3459 κοινὸν
2724 3390 2883 3479 βίον
2928 3393 3075 3477 ὠφε-

628 3510 819 3585 λῆσαι
867 3532 882 3547 ·
952 3510 1236 3575 καθόλου
1304 3508 1429 3595 ’γάρ
1491 3512 1745 3575 πάντων
1806 3514 1921 3586 τὴν
1970 3515 2188 3597 χρείαν
2234 3512 2429 3587 αὐτὴν
2475 3509 2861 3577 διδάσκαλον
2904 3513 3075 3596 γενέ-

628 3629 776 3691 σθαι
822 3634 961 3701 τοῖς
1007 3626 1375 3711 ἀνθρώποις
1409 3675 1424 3703 ,
1473 3656 1526 3691 κ.
1572 3654 1625 3690 τ.
1676 3654 1720 3691 ε.
1763 3630 1822 3708 ⁷).
2705 3708 2709 3713 .

714 3743 1057 3829 Reliquam
1101 3742 1292 3806 huius
1335 3742 1482 3806 libri
1525 3749 1795 3828 partem,
1847 3763 2037 3828 quam
2082 3742 2365 3806 nondum
2410 3742 2824 3807 tractavimus
2848 3791 2865 3824 ,
2926 3763 3073 3805 cum

627 3862 830 3925 multa
893 3860 1215 3925 contineat
1280 3860 1364 3924 ad
1429 3861 1736 3924 moralem
1782 3859 2131 3923 doctrinam
2170 3861 2568 3945 spectantia,
2641 3860 2745 3924 hic
2791 3865 3071 3946 praeter-

627 3978 1008 4043 mittendam
1055 4000 1193 4042 esse
1241 3999 1610 4061 censemus,
1680 3984 1753 4041 ut
1798 3979 2015 4062 paucis
2059 3978 2234 4063 prius
2280 3979 2491 4043 verbis
2534 3978 2767 4042 librum
2816 3983 3071 4043 sextum

629 4119 774 4162 cum
820 4098 1082 4183 Epicuri
1130 4097 1416 4162 doctrina
1461 4097 1876 4161 conferamus·

696 4271 728 4329 ¹)
800 4270 874 4320 Cf.
911 4270 1112 4319 Lachm.
1149 4285 1321 4318 comm.
1358 4268 1420 4316 ad
1453 4267 1513 4317 V.
1555 4266 1694 4317 1091.

691 4351 734 4413 2>
802 4350 1022 4399 Peschel.
1059 4348 1294 4399 Volkerk.
1331 4350 1411 4397 3te
1443 4347 1576 4396 Aufl.
1609 4362 1656 4409 p.
1701 4350 1806 4397 144.

691 4431 728 4489 ⁸)
798 4429 1019 4481 Peschel.
1053 4429 1088 4478 1.
1124 4428 1157 4477 L
1191 4445 1241 4492 p.

691 4510 732 4575 ⁴)
801 4510 1022 4560 Peschel.
1058 4525 1106 4574 p.
1147 4511 1255 4558 145.

688 4591 729 4655 5)
796 4591 1259 4640 Vs.1091—1104.

687 4671 723 4729 ⁶)
792 4668 939 4719 Diod.
977 4668 1073 4719 Sic.
1107 4668 1142 4718 1.
1176 4668 1212 4717 1.
1249 4684 1355 4732 cap.
1393 4670 1443 4717 8.

687 4750 730 4816 ⁷)
798 4750 944 4800 Diod.
982 4750 1078 4800 Sic.
1113 4748 1147 4798 l.
1184 4750 1221 4797 1.
