3529 5359
1757 347 1881 410 162

597 573 712 616 suo
777 571 923 616 cum
984 550 1365 615 detrimento
1430 549 1873 614 universorum
1918 550 2189 615 salutem
2234 557 2583 635 augerent;
2631 573 2777 615 cum
2820 573 3041 638 respu-

595 668 762 733 blica
803 669 1050 733 Romae
1093 669 1164 732 in
1208 668 1344 732 dies
1387 668 1592 751 magis
1636 690 1985 753 paucorum
2030 674 2197 732 esset
2221 718 2237 751 ,
2293 668 2581 755 plerique
2626 670 2839 755 potius
2883 691 3037 756 quo-

593 785 781 849 modo
848 785 1193 850 commodis
1259 785 1432 849 vitae
1501 784 1867 870 divitiisque
1925 786 1996 849 in
2061 786 2189 849 otio
2252 791 2318 848 et
2359 787 2820 872 tranquillitate
2865 787 2991 850 frui
3018 837 3037 870 ‚

594 925 786 989 quam
829 903 1065 966 civium
1108 902 1482 967 felicitatem
1527 922 1763 986 augere
1808 908 2109 987 possent,
2166 901 2551 986 cogitabant.
2641 903 2805 968 Cum
2849 925 3037 989 paca-

592 1026 699 1084 tus
742 1020 938 1084 animi
983 1025 1185 1084 status
1229 1019 1374 1084 finis
1419 1025 1588 1084 esset
1631 1018 1945 1084 bonorum
1971 1069 1987 1102 ‚
2030 1020 2289 1083 moralis
2321 1019 2606 1084 doctrina
2630 1069 2646 1102 ,
2692 1042 2857 1107 quae
2888 1041 3037 1085 eum

595 1138 869 1202 obtineri
912 1159 1096 1223 posse
1142 1136 1449 1220 docebat,
1493 1137 1840 1222 praecipua
1884 1143 2023 1201 erat
2066 1159 2213 1222 pars
2254 1136 2713 1223 philosophiae.
2790 1137 3037 1202 Verum

591 1260 664 1318 ut
707 1255 818 1318 illa
862 1254 1082 1318 usibus
1127 1253 1563 1318 Romanorum
1609 1253 2044 1335 satisfaceret,
2092 1253 2425 1317 evellenda
2469 1259 2650 1318 erant
2695 1275 2781 1318 ex
2808 1255 3037 1318 animis

591 1391 1030 1458 quaecumque
1075 1370 1418 1436 sollicitare
1464 1371 1753 1457 quietum
1800 1371 1996 1434 animi
2042 1375 2279 1434 statum
2323 1377 2623 1456 possent:
2694 1371 2900 1436 multo
2946 1373 3035 1436 al-

590 1489 786 1553 tiores
853 1487 1025 1574 apud
1091 1487 1417 1552 Romanos
1485 1509 1674 1572 quam
1720 1485 1893 1571 apud
1938 1486 2217 1550 Graecos
2262 1485 2507 1550 radices
2554 1493 2775 1571 egerat
2818 1507 3035 1573 super-

592 1605 808 1690 stitio;
876 1625 997 1668 nec
1063 1609 1306 1668 temere
1374 1603 1757 1688 spernebant
1825 1602 2145 1686 Romani,
2214 1603 2265 1666 si
2321 1603 2623 1667 Lucretio
2666 1604 2791 1689 ipsi
2834 1603 2992 1669 fides
3016 1653 3034 1687 ‚

590 1742 1028 1809 quaecumque
1094 1727 1350 1806 patrum
1419 1720 1797 1784 auctoritate
1844 1721 2249 1785 confirmatae
2298 1727 2479 1784 erant
2523 1721 2603 1785 de
2646 1721 2866 1785 inferis
2888 1771 2907 1804 ,
2954 1721 3034 1786 de

590 1840 947 1905 animorum
1012 1845 1156 1924 post
1220 1845 1490 1903 mortem
1537 1844 1708 1902 statu
1733 1888 1750 1921 ,
1814 1838 1891 1902 de
1962 1839 2080 1902 diis
2162 1840 2508 1924 opiniones·
2599 1845 2773 1912 Quae
2817 1846 3035 1904 tamen

589 1957 644 2020 si
711 1961 954 2021 starent
1017 1957 1307 2040 integrae
1376 1962 1443 2019 et
1507 1957 1918 2020 inconcussae
1938 2005 1955 2038 ,
2023 1957 2258 2020 frustra
2326 1961 2464 2020 erat
2507 1956 2706 2020 animi
2750 1956 3035 2042 quietem

587 2073 1050 2138 commendare.
1111 2074 1215 2138 Ita
1258 2074 1498 2138 factum
1542 2081 1614 2138 ut
1659 2075 1999 2138 Lucretius
2046 2073 2124 2138 de
2170 2095 2384 2138 rerum
2428 2079 2659 2138 natura
2704 2095 3035 2160 exponens

585 2193 841 2257 moralis
908 2191 1281 2276 disciplinae
1347 2191 1761 2256 fundamenta
1826 2192 2036 2255 iacere
2096 2192 2377 2278 potuerit
2441 2192 2843 2256 removendis
2908 2192 2988 2254 iis
3014 2241 3031 2274 ‚

587 2331 751 2396 quae
794 2310 988 2394 vulgo
1035 2309 1276 2374 credita
1319 2310 1734 2395 prohiberent
1757 2361 1774 2392 ‚
1822 2310 2158 2396 quominus
2187 2309 2539 2394 sapientiae
2573 2308 2650 2373 de
2681 2310 2873 2373 beata
2898 2309 3035 2372 vita

585 2427 844 2491 monitis
911 2448 1096 2490 aures
1158 2426 1456 2512 aequales
1523 2427 1923 2512 praeberent.
2014 2427 2199 2500 Quod
2272 2426 2624 2512 Epicurum
2692 2425 3033 2511 perfecisse

588 2542 740 2606 dicit
785 2550 973 2629 poeta
999 2593 1015 2626 ,
1062 2543 1129 2606 id
1173 2545 1310 2629 ipse
1357 2544 1608 2630 assequi
1653 2545 1871 2629 cupit:
1926 2542 2259 2624 „veridicis
2302 2542 2501 2626 igitur
2543 2543 2842 2627 purgavit
2886 2563 3033 2628 pec-

588 2666 728 2725 tora
793 2660 978 2725 dictis
999 2711 1015 2744 ‚
1086 2667 1151 2725 et
1217 2662 1410 2726 finem
1457 2663 1680 2726 statuit
1726 2660 2101 2747 cuppedinis
2144 2667 2335 2747 atque
2382 2660 2658 2743 timoris,
2705 2661 3033 2746 exposuit-

587 2799 712 2864 que
773 2778 1010 2841 bonum
1072 2800 1390 2843 summum
1413 2828 1430 2862 ‚
1498 2800 1622 2865 quo
1679 2779 1999 2842 tendimus
2044 2799 2263 2843 omnes
2287 2828 2304 2861 ,
2373 2777 2527 2863 quid
2571 2778 2768 2861 foret,
2838 2784 3031 2864 atque

584 2896 757 2960 viam
824 2898 1248 2981 monstravit,
1316 2898 1572 2961 tramite
1640 2919 1837 2983 parvo
1884 2919 2009 2982 qua
2053 2917 2383 2981 possemus
2428 2895 2510 2959 ad
2553 2894 2621 2958 id
2664 2900 2839 2959 recto
2885 2915 3032 2958 con-

584 3012 849 3077 tendere
918 3035 1146 3096 cursu,
1216 3014 1449 3100 quidve
1502 3015 1744 3078 malum
1789 3014 1953 3077 foret
1997 3014 2065 3077 in
2108 3014 2298 3077 rebus
2342 3013 2702 3077 mortalibu'
2747 3014 3027 3098 passim,

587 3152 711 3217 quo
771 3130 954 3194 fieret
1014 3132 1289 3196 naturali
1353 3132 1650 3217 varieque
1717 3133 1963 3196 volaret
2030 3152 2144 3195 seu
2198 3153 2348 3195 casu
2394 3151 2505 3194 seu
2548 3131 2657 3213 vi,
2724 3129 2895 3217 quod
2938 3130 3029 3195 sic

586 3254 816 3314 natura
857 3255 1145 3344 parasset
1177 3256 1265 3331 ¹),
1327 3255 1391 3313 et
1437 3250 1666 3335 quibus
1712 3270 1747 3312 e
1794 3249 1993 3333 portis
2040 3248 2283 3312 occurri
2328 3249 2555 3334 cuique
2601 3248 2894 3328 deceret,
2962 3253 3031 3311 et

587 3387 794 3451 genus
869 3367 1220 3431 humanum
1291 3367 1526 3431 frustra
1599 3368 1974 3451 plerumque
2047 3366 2339 3451 probavit
2409 3366 2667 3430 volvere
2734 3386 3031 3429 curarum

585 3483 785 3547 tristis
829 3482 896 3546 in
939 3490 1199 3569 pectora
1241 3484 1470 3547 fluctus
1515 3504 1665 3546 nam
1709 3483 1816 3546 vel
1859 3482 1953 3546 uti
1998 3482 2183 3567 pueri
2228 3481 2549 3567 trepidant
2594 3488 2786 3567 atque
2817 3482 3030 3547 omnia

587 3602 791 3665 caecis
851 3600 913 3663 in
963 3601 1246 3665 tenebris
1289 3606 1628 3681 metuunt,
1691 3600 1781 3663 sic
1826 3622 1941 3663 nos
1984 3600 2053 3662 in
2097 3600 2240 3663 luce
2287 3600 2585 3663 timemus
2627 3600 2796 3663 inter
2842 3599 3027 3683 dum,

583 3719 716 3783 nilo
762 3740 925 3804 quae
971 3724 1119 3782 sunt
1163 3717 1507 3783 metuenda
1549 3718 1754 3801 magis
1816 3739 2005 3802 quam
2051 3737 2216 3802 quae
2260 3717 2443 3801 pueri
2484 3718 2552 3780 in
2596 3717 2875 3780 tenebris
2918 3738 3029 3802 pa-

584 3836 793 3899 vitant
835 3835 1210 3922 finguntque
1256 3834 1470 3898 futura
1494 3883 1509 3897 .
1556 3832 1726 3897 hunc
1771 3833 1968 3917 igitur
2012 3840 2319 3897 terrorem
2362 3833 2561 3899 animi
2607 3834 3029 3919 tenebrasque

583 3958 905 4017 necessest
967 3974 1097 4017 non
1140 3952 1304 4016 radii
1349 3951 1500 4016 solis
1541 3972 1660 4016 nec
1704 3951 1917 4016 lucida
1962 3952 2093 4017 tela
2136 3952 2264 4017 diei
2310 3951 2653 4017 discutiant
2675 4000 2692 4035 ,
2761 3951 2875 4016 sed
2916 3972 3029 4016 na-

582 4075 766 4135 turae
811 4070 1056 4155 species
1099 4070 1434 4156 ratioque”
1467 4070 1540 4152 2).

650 4241 689 4303 ι)
758 4240 822 4289 Id
852 4244 954 4289 est:
993 4238 1114 4303 quid
1144 4237 1338 4303 proprie
1371 4242 1534 4288 essent
1565 4238 1697 4288 mala
1714 4275 1727 4299 ‚
1763 4254 1891 4303 quae
1923 4237 2067 4288 nobis
2099 4237 2390 4288 mortalibus
2422 4237 2763 4303 contingerent
2779 4275 2793 4300 ,
2828 4238 2995 4289 docuit
3011 4272 3027 4299 ,

584 4350 746 4399 quove
793 4332 1010 4384 naturali
1059 4349 1176 4383 casu
1220 4349 1308 4383 seu
1355 4333 1646 4383 necessitate
1687 4334 1862 4383 fierent
1895 4337 1946 4383 et
1976 4332 2031 4381 in
2063 4332 2215 4383 variis
2246 4332 2416 4383 formis
2447 4349 2536 4397 per
2566 4349 2728 4384 aerem
2745 4370 2759 4396 ,
2793 4332 3029 4401 quoniam

582 4428 736 4480 atomi
767 4434 956 4490 essent,
1004 4428 1228 4479 volarent
1243 4465 1258 4489 ,
1310 4444 1423 4478 cum
1466 4445 1566 4479 non
1615 4428 1687 4477 dii
1719 4430 1806 4478 sed
1837 4426 1946 4491 ipsa
1991 4432 2170 4477 natura
2202 4443 2260 4478 ea
2289 4434 2523 4492 parasset.
2589 4430 2669 4479 Ad
2700 4432 2919 4477 naturali
2948 4444 3031 4477 seu

581 4541 694 4575 casu
733 4540 814 4573 seu
844 4527 897 4573 vi
927 4523 991 4573 cf.
1028 4522 1164 4573 Stob.
1198 4522 1305 4572 Ecl.
1339 4522 1426 4572 lib.
1463 4523 1524 4584 Ι,
1573 4526 1699 4571 206:
1759 4522 2058 4588 Ἐπίκουρος
2090 4522 2202 4574 κατ’
2236 4524 2494 4589 ἀνάγκην,
2529 4526 2661 4575 κατὰ
2696 4526 3025 4589 προαίρεσιν,

581 4621 716 4671 κατὰ
749 4619 916 4684 τύχην
949 4616 1077 4667 dixit
1109 4615 1276 4668 omnia
1309 4616 1433 4667 fieri.

647 4713 690 4777 ²)
757 4712 833 4765 VI
853 4750 867 4776 ,
906 4716 1066 4763 24—4
1075 4716 1120 4764 1.
