3529 5359
1565 341 1686 402 143

487 542 738 607 Deinde
781 542 1190 606 metallorum
1235 562 1422 604 usum
1466 541 1871 604 invenerunt.
1966 540 2159 605 Silvis
2206 541 2551 605 combustis
2593 542 2858 606 metalla

400 661 746 747 liquefacta
789 660 857 723 in
902 665 1109 724 terrae
1158 680 1497 724 cavernam
1543 681 1610 722 se
1657 658 2098 743 collegerunt,
2145 659 2316 723 unde
2346 659 2637 723 homines
2669 660 2856 725 facile

401 778 664 842 metalla
708 777 1090 863 liquefacere
1137 776 1517 840 didicerunt.
1609 776 1901 840 Primum
1946 776 2089 840 auri
2135 777 2489 842 maximum
2536 781 2671 840 erat
2716 798 2857 862 pre-

403 893 608 976 tium,
677 915 830 956 mox
889 914 1034 956 cum
1101 892 1393 956 viderent
1439 912 1546 955 aes
1593 891 1674 955 ad
1719 913 1896 956 arma
1939 891 2229 956 facienda
2272 893 2482 977 aptius
2528 913 2699 976 esse,
2747 914 2855 958 aes

403 1012 608 1096 magis
653 1011 1109 1097 quaerebatur:
1158 1033 1325 1074 nunc
1372 1032 1590 1074 rursus
1637 1031 1863 1074 aurum
1908 1010 2111 1095 pluris
2156 1011 2529 1075 aestimatur
2555 1014 2616 1088 ¹).
2706 1011 2857 1075 Fer-

405 1151 546 1193 rum
605 1129 996 1214 usurpabant
1063 1127 1145 1191 ad
1205 1149 1380 1192 arma
1425 1128 1679 1213 telaque
1724 1126 2056 1210 facienda,
2122 1126 2352 1190 deinde
2397 1127 2479 1192 ad
2523 1148 2707 1211 agros
2752 1149 2854 1192 co-

405 1247 646 1311 lendos.
736 1247 870 1310 Aes
929 1246 1107 1331 prius
1175 1267 1365 1331 quam
1426 1245 1663 1309 ferrum
1733 1251 1870 1309 erat
1915 1251 2159 1309 notum.
2250 1245 2595 1310 Paullatim
2642 1247 2854 1311 omnia

407 1361 558 1426 belli
622 1362 1046 1426 instrumenta
1113 1362 1516 1426 invenerunt.
1608 1361 1803 1424 Multi
1868 1352 2063 1424 etiam
2109 1366 2363 1444 taurOS,
2434 1360 2809 1446 elephantos
2835 1412 2851 1445 ,

409 1499 550 1543 sues
576 1529 592 1561 ,
639 1480 857 1543 leones
903 1480 1185 1565 aliasque
1231 1479 1438 1562 feras,
1488 1500 1873 1565 quamquam
1918 1479 2114 1562 vulgo
2146 1478 2414 1561 frustra,
2460 1479 2853 1564 usurpabant

408 1596 487 1660 ad
553 1597 724 1660 bella
759 1596 1088 1680 gerenda.
1180 1596 1430 1660 Deinde
1476 1602 1687 1660 vestes
1731 1601 2082 1660 texuerunt
2125 1601 2463 1681 postquam
2506 1595 2657 1660 ferri
2700 1619 2853 1660 usus

409 1713 725 1797 innotuit,
793 1715 1070 1799 primum
1137 1715 1298 1796 viri,
1367 1719 1590 1799 postea
1653 1714 1965 1796 feminae,
2070 1734 2255 1794 „nam
2312 1713 2501 1798 longe
2569 1719 2853 1799 praestat

409 1832 474 1895 in
540 1838 678 1895 arte
740 1837 805 1895 et
851 1832 1170 1895 sollertius
1217 1839 1313 1895 est
1358 1833 1558 1896 multo
1607 1853 1810 1916 genus
1857 1853 2041 1895 omne
2088 1831 2334 1895 virile”.
2423 1831 2673 1895 Natura
2714 1833 2855 1917 ipsa

412 1950 733 2035 specimen
778 1950 954 2014 dedit
999 1951 1136 2034 agri
1184 1950 1474 2032 colendi,
1522 1949 1691 2036 quod
1735 1948 2026 2013 homines
2072 1948 2275 2012 secuti
2321 1954 2501 2030 sunt,
2548 1948 2697 2012 inde
2742 1971 2852 2013 va·

412 2068 535 2131 rios
604 2068 1009 2153 diversosque
1076 2067 1319 2131 fructus
1389 2067 1510 2131 sibi
1576 2073 1965 2152 paraverunt
1998 2068 2069 2148 2).
2164 2065 2438 2130 Cantum
2494 2064 2851 2131 didicerunt

411 2185 488 2248 ab
555 2185 779 2249 avibus
839 2191 902 2248 et
963 2184 1276 2270 zephyris
1371 2185 1620 2249 Sensim
1666 2183 2129 2269 paullatimque
2175 2183 2374 2246 vitam
2427 2190 2853 2267 ornaverunt,

409 2303 816 2384 saltationes,
888 2303 1140 2387 pulcras
1207 2309 1418 2366 vestes
1487 2302 1738 2387 aliaque
1800 2301 2219 2365 invenientes.
2312 2300 2420 2364 Sol
2465 2305 2656 2386 atque
2704 2301 2856 2366 luna

410 2425 694 2505 tempora
738 2421 888 2483 anni
935 2420 1303 2484 docuerunt.
1395 2421 1561 2483 Tum
1606 2420 1842 2501 urbes,
1915 2419 2258 2482 divisiones
2303 2425 2510 2482 terrae
2539 2468 2555 2501 ,
2616 2441 2853 2502 naves,

407 2537 656 2602 litterae
683 2587 699 2620 ,
768 2559 873 2602 ars
937 2539 1189 2623 poetica
1235 2543 1451 2602 secuta
1497 2543 1678 2620 sunt,
1749 2559 1913 2623 quae
1966 2557 2154 2618 „usus
2201 2543 2265 2600 et
2308 2536 2619 2621 impigrae
2667 2537 2857 2601 simul

408 2654 806 2740 experientia
870 2654 1102 2719 mentis
1161 2654 1471 2740 paulatim
1517 2654 1731 2719 docuit
1778 2654 2192 2740 pedetemtim
2237 2654 2743 2740 progredientis'’
2781 2653 2851 2734 3).

406 2772 651 2837 Eadem
690 2773 1038 2858 Epicurum
1073 2773 1360 2837 docuisse
1385 2773 1730 2837 verisimile
1762 2774 1835 2836 fit
1865 2773 2128 2837 Diodori
2166 2774 2365 2837 Siculi
2396 2774 2642 2856 verbiS,
2689 2796 2853 2861 quae

407 2896 792 2976 sequuntur:
843 2890 954 2957 Ἐκ
999 2888 1061 2957 δὲ
1095 2895 1322 2958 τούτου
1353 2892 1480 2957 κατ’
1515 2891 1748 2977 ὀλίγον
1783 2892 1905 2957 ὑπὸ
1938 2901 2047 2970 τῆς
2079 2894 2298 2976 πείρας
2330 2888 2851 2974 διδασκομένους,

408 3008 494 3083 εἷς
539 3036 602 3073 τε
648 3006 723 3073 ra*
770 3008 1048 3083 σπήλαια
1095 3011 1498 3094 καταφεύγειν
1545 3010 1610 3073 ἐν
1655 3013 1742 3093 τῷ
1791 3012 2075 3093 χειμῶνι,
2122 3011 2217 3073 καὶ
2261 3012 2389 3073 τῶν
2419 3014 2672 3093 καρπῶν
2701 3013 2853 3085 τοὺς

408 3123 833 3209 φυλάττεσθαι
880 3121 1266 3205 δυναμένους
1313 3126 1730 3190 ἀποτίθεσθαι
1759 3175 1772 3187 .
1811 3127 2218 3209 ’γνωσθέντος
2267 3120 2330 3189 δὲ
2375 3132 2487 3189 τοῦ
2520 3126 2721 3207 πυρὸς
2754 3131 2852 3191 καὶ

406 3247 534 3306 τῶν
580 3240 805 3305 ἄλλων
849 3246 975 3305 τῶν
1023 3246 1386 3326 χρησίμων,
1456 3240 1612 3306 icaro?
1652 3242 1875 3325 μικρὸν
1921 3245 2017 3305 καὶ
2064 3239 2176 3317 wlg-
2222 3244 2453 3328 τέχνας
2496 3243 2853 3326 εὑρεθῆναι,

410 3362 506 3423 καὶ
569 3356 779 3422 τᾶλλα
838 3356 914 3422 ra*
975 3355 1283 3436 δυνάμενα
1344 3358 1459 3423 τὸν
1506 3360 1720 3423 κοινὸν
1764 3354 1925 3442 βίον
1971 3356 2287 3442 ὠφελῆσαι
2336 3404 2349 3418 .
2398 3360 2682 3423 καθόλου
2727 3360 2851 3445 γὰρ

409 3476 666 3540 πάντων
701 3477 817 3550 τὴν
852 3478 1070 3560 χρείαν
1103 3475 1298 3551 αὐτὴν
1329 3472 1716 3542 διδάσκαλον
1748 3477 2041 3560 γενέσθαι
2076 3483 2210 3549 τοῖς
2243 3476 2610 3560 ἀνθρώποις
2634 3524 2653 3551 ,
2702 3477 2855 3561 ὑφη-

408 3595 722 3677 γουμένην
789 3595 1029 3666 οἰκείως
1089 3594 1204 3667 τὴν
1270 3594 1532 3657 ἑκάστου
1596 3594 1874 3673 μάθησιν
1921 3592 2129 3677 εὐφυεῖ
2173 3591 2314 3677 ζώῳ
2359 3596 2456 3659 καὶ
2506 3595 2856 3678 συνεργοὺς

411 3708 625 3795 ἔχοντι
670 3709 835 3793 πρὸς
883 3708 1130 3774 ἅπαντα
1177 3717 1436 3795 χεῖρας,
1492 3714 1587 3773 καὶ
1637 3709 1851 3793 λόγον
1897 3712 1991 3773 καὶ
2038 3710 2253 3794 ψυχῆς
2298 3709 2659 3794 ἀγχίνοιαν.
2748 3708 2855 3793 ΙΡ-

409 3823 539 3887 sius
605 3823 870 3909 Epicuri
936 3824 1133 3888 verba
1200 3830 1575 3910 supersunt,
1649 3846 1813 3911 quae
1874 3825 2045 3888 idem
2091 3830 2423 3888 testantur.
2515 3824 2855 3889 Lucretius

409 3960 499 4005 VS.
566 3942 733 4005 1020
779 3941 870 4004 ait
912 3941 1150 4026 primos
1195 3941 1487 4006 homines
1530 3941 1790 4006 foedera
1832 3941 2055 4005 fecisse
2101 3939 2268 4004 inter
2314 3961 2379 4004 se
2425 3962 2505 4005 ne
2554 3962 2620 4005 se
2669 3941 2854 4007 vicis-

410 4058 528 4121 sim
566 4057 929 4142 laederent,
975 4080 1058 4123 ne
1091 4080 1322 4145 pueros
1356 4066 1421 4124 et
1452 4060 1753 4124 mulieres
1782 4059 2129 4141 violarent,
2164 4079 2432 4142 aequum
2464 4080 2601 4123 esse
2634 4080 2855 4124 omnes

407 4173 870 4240 imbecillorum
937 4178 1259 4241 misereri:
1327 4177 1584 4241 fuerunt
1629 4183 1845 4241 tamen
1892 4176 2000 4263 qui
2044 4175 2204 4239 haec
2248 4174 2506 4241 foedera
2547 4198 2677 4241 non
2724 4198 2853 4241 ser-

410 4299 632 4356 varent
657 4342 674 4375 ,
738 4293 966 4379 quibus
1028 4315 1180 4379 ergo
1247 4295 1347 4359 ius
1392 4317 1518 4359 non
1565 4300 1751 4360 esset.
1843 4293 2161 4379 Epicurus
2209 4299 2428 4358 autem
2474 4294 2563 4357 ait
2608 4294 2677 4358 in
2724 4294 2855 4360 Ra-

475 4495 515 4557 1)
587 4498 860 4546 1241—80.

475 4588 513 4653 ²)
584 4589 920 4642 1281—1378.

476 4682 516 4749 ⁸)
589 4683 924 4738 1379-1457.
