3529 5359
1273 1213 1343 1273 U
1363 1213 1432 1271 ΪὝῘ
1453 1215 1572 1270 IX?
1588 1219 1645 1268 ,H
1664 1223 1714 1272 Γ
1744 1227 1787 1277 S,
1802 1237 1818 1278 g
1854 1229 1906 1264 ·ι“

1423 1309 1835 1396 escharas«-

549 1621 619 1684 Si
686 1621 826 1708 quis
885 1621 1035 1686 huic
1107 1623 1409 1708 opusculo
1455 1624 1658 1688 multa
1705 1623 1925 1688 deesse
1973 1626 2313 1691 contendat
2358 1650 2486 1692 non
2530 1651 2633 1694 me
2679 1653 2909 1718 repug-

453 1774 722 1833 nantem
752 1769 1057 1854 habebit3
1104 1777 1358 1856 reputet
1405 1777 1618 1835 tamen
1663 1773 1859 1836 velim
1906 1774 2197 1838 omnibus
2242 1778 2525 1840 numeris
2554 1779 2909 1845 absolutam

455 1916 1058 1979 commentationem
1101 1937 1229 1980 non
1276 1936 1414 1980 esse
1457 1917 1904 2002 postulandam
1948 1941 1988 1982 a
2030 1920 2298 2004 iuvene,
2332 1922 2438 2008 qui
2472 1944 2611 1987 sero
2643 1924 2724 1988 ad
2746 1924 2906 1990 haec

458 2063 672 2127 studia
739 2063 1028 2147 delatuS,
1075 2065 1312 2129 maiore
1357 2065 1672 2129 industria
1718 2071 1783 2129 et
1827 2066 2183 2131 intentione
2228 2070 2532 2154 temporis
2589 2071 2905 2138 defectum

455 2231 868 2296 compensare
937 2217 1195 2275 coactus
1262 2212 1471 2276 fuerit.
1563 2213 1804 2277 Tenuit
1867 2235 1971 2278 me
2018 2221 2510 2299 argumentum,
2559 2219 2728 2304 quod
2774 2225 2906 2284 tam

453 2357 539 2422 ad
610 2357 1077 2444 philosophiam
1145 2381 1336 2445 quam
1410 2359 1490 2423 ad
1563 2366 1815 2425 veteres
1887 2361 2136 2426 litteras
2210 2363 2595 2448 pertineret:
2685 2367 2911 2453 quodsi

451 2507 750 2571 benevoli
824 2513 890 2571 et
963 2507 1153 2592 periti
1227 2506 1470 2570 iudices
1533 2509 1993 2573 existimabunt
2066 2531 2169 2574 1110
2245 2513 2495 2596 magnis
2562 2513 2732 2578 ausis
2774 2536 2905 2578 non

451 2655 645 2742 plane
714 2654 1069 2739 excidisse,
1139 2611 1480 2720 admodum
1547 2656 1858 2741 gaudebo.
1948 2658 2057 2723 Me
2126 2659 2383 2746 quidem
2448 2660 2695 2726 iuvabit
2740 2662 2909 2750 quod

452 2802 508 2866 si
553 2802 763 2866 minus
808 2802 948 2866 aliis
975 2852 990 2884 ,
1036 2801 1196 2865 mihi
1228 2808 1398 2866 certe
1422 2803 1544 2887 ipsi
1571 2804 1895 2867 elaborata
1915 2803 2035 2867 hac
2068 2804 2509 2871 dissertatione
2539 2808 2905 2893 profuerim.

539 2950 604 3014 Ν
606 2972 687 3014 011
732 2972 1023 3037 possum,
1069 2950 1192 3013 viri
1238 2950 1605 3035 clarissimi,
1651 2952 1806 3039 quin
1850 2953 2029 3017 vobis
2075 2954 2428 3019 studiorum
2451 2978 2737 3021 meorum
2768 2958 2903 3023 fau-

451 3098 699 3163 toribus
767 3105 833 3163 et
898 3099 1250 3163 rectoribus
1321 3120 1405 3162 ex
1449 3099 1676 3164 intimo
1723 3100 1911 3164 corde
1958 3102 2195 3185 gratias
2240 3124 2467 3187 agam,
2518 3126 2662 3169 cum
2712 3106 2905 3171 bene-

450 3247 738 3312 volentia
805 3253 1016 3311 vestra
1061 3253 1124 3311 et
1169 3247 1528 3311 eruditione
1573 3253 1706 3311 tam
1751 3249 2050 3333 privatim
2095 3272 2285 3336 quam
2328 3251 2583 3337 publice
2628 3274 2743 3338 per
2788 3252 2905 3318 hos

451 3394 736 3480 quinque
803 3416 1002 3458 annos
1061 3394 1185 3458 frui
1244 3393 1402 3457 mihi
1468 3395 1740 3460 licuerit.
1854 3396 2177 3481 Imprimis
2244 3403 2491 3483 autem,
2530 3398 2907 3465 'clarissime

449 3540 791 3605 Francken
857 3514 1080 3605 multa·
1125 3541 1243 3604 tibi
1307 3540 1508 3605 debeo
1536 3592 1552 3624 ,
1621 3542 1730 3627 qui
1799 3548 2109 3628 perpetuo
2178 3549 2244 3607 et
2288 3545 2631 3631 praecipue
2674 3546 2743 3609 in
2786 3545 2908 3611 hoc

452 3706 648 3772 opere
715 3687 1159 3773 qualicumque
1230 3687 1726 3770 conscribendo,
1807 3688 2085 3773 optimus
2158 3688 2316 3752 mihi
2384 3690 2560 3754 fuisti
2627 3692 2907 3757 Mentor.

451 3834 708 3898 Laudes
752 3839 894 3913 tuas
939 3834 1043 3898 hic
1089 3834 1402 3898 extollere
1448 3856 1576 3899 non
1622 3840 1721 3899 est
1764 3834 1832 3897 in
1878 3837 2133 3918 anim0,
2180 3856 2389 3922 neque
2434 3838 2594 3901 tales
2653 3838 2906 3924 quaeris

451 3982 732 4066 gratias:
792 3980 912 4047 hoc
973 3988 1189 4046 tamen
1235 3962 1385 4067 opto
1429 3981 1564 4046 fore
1610 3988 1681 4047 ut
1728 3982 2140 4048 Ultraiectini
2185 3984 2387 4047 nostri
2435 3984 2901 4051 commilitones

449 4149 579 4193 non
642 4129 853 4193 minus
920 4129 1030 4193 diu
1098 4129 1454 4194 eruditione
1524 4136 1590 4195 et
1654 4128 2055 4195 humanitate
2124 4136 2237 4195 tua
2281 4132 2643 4216 gaudeant,
2713 4154 2904 4219 quam

450 4297 599 4359 nos,
647 4298 803 4364 quos
848 4282 981 4341 tam
1025 4238 1305 4364 peritum
1352 4277 1788 4341 desiderantes
1834 4277 2061 4341 ducem
2105 4278 2432 4365 relinquis.

537 4422 624 4488 Et
690 4424 808 4489 tibi
875 4425 1114 4509 gratias
1193 4425 1492 4491 lubenter
1552 4445 1704 4509 age,
1769 4424 2119 4490 clarissime
2180 4426 2492 4509 Moltzer,
2562 4446 2708 4491 cum
2773 4425 2905 4491 iam

452 4575 600 4635 ante
666 4593 857 4657 quam
922 4571 990 4635 in
1035 4570 1397 4635 academiae
1443 4570 1680 4635 civium
1725 4593 2065 4637 numerum
2110 4576 2406 4658 receptus
2449 4570 2582 4654 fui,
2628 4570 2904 4637 benevo-

450 4713 713 4778 lentiam
772 4720 948 4779 tuam
1014 4720 1319 4800 expertus
1386 4715 1542 4796 sim,
1614 4738 1805 4802 quam
1868 4716 2098 4780 deinde
2144 4716 2379 4779 frustra
2424 4736 2752 4800 nunquam
2800 4715 2900 4778 in-
