3529 5359
1758 370 1881 435 138

617 567 804 649 „dere
850 571 1088 655 apertis
1133 571 1527 636 consimilem
1572 572 1795 655 lactiS,
1866 571 2029 636 sicut
2074 594 2244 636 nunc
2289 572 2530 637 femina
2574 594 2864 660 quaeque
2910 575 3059 636 cum

615 686 902 770 „peperit
926 736 942 769 ,
1011 686 1181 751 dulci
1248 688 1531 772 repletur
1577 688 1783 770 lacte,
1853 687 2023 774 quod
2067 690 2269 753 omnis
2316 690 2593 775 impetus
2637 691 2705 754 in
2748 711 3060 754 mammas

617 803 1044 883 „convertitur
1071 804 1178 868 ille
1209 805 1497 868 alimenti
1527 855 1540 868 .
1574 811 1745 868 terra
1776 805 1990 870 cibum
2019 806 2269 892 pueriS,
2317 814 2563 871 vestem
2594 829 2825 892 vapor,
2858 806 3063 870 herba

617 917 863 998 „cubile
907 920 1256 1005 praebebat
1298 921 1502 985 multa
1547 929 1610 986 et
1654 923 1830 986 molli
1876 924 2179 1007 lanugine
2226 924 2555 988 abundans
2622 974 2636 988 .
2698 930 2766 988 at
2810 925 3061 988 novitas

620 1034 877 1116 „mundi
946 1057 1064 1100 nec
1124 1037 1360 1122 frigora
1425 1038 1584 1102 dura
1650 1039 1859 1104 ciebat
1917 1061 2034 1105 nec
2094 1041 2325 1105 nimios
2386 1047 2600 1106 aestus
2646 1063 2765 1105 nec
2810 1043 3063 1125 magnis

619 1151 898 1231 „viribus
942 1173 1127 1217 auras
1177 1203 1190 1216 .
1239 1155 1452 1218 omnia
1497 1155 1666 1218 enim
1710 1155 1949 1240 pariter
1993 1163 2285 1221 crescunt
2314 1162 2379 1221 et
2408 1157 2636 1221 robora
2666 1157 2966 1220 sumunt’'
2998 1157 3059 1241 ¹).

611 1267 812 1332 Terra
869 1274 1085 1334 tamen
1129 1291 1257 1334 non
1301 1277 1610 1356 perpetuo
1658 1272 1882 1337 eadem
1932 1274 2206 1358 mansit3
2252 1296 2382 1338 non
2428 1276 2599 1339 enim
2644 1280 2896 1354 „manet
2926 1275 3063 1339 ulla

613 1386 710 1450 sui
779 1387 1002 1451 similis
1067 1389 1231 1452 res”.
1322 1390 1532 1454 Desiit
1593 1411 1819 1476 parere
1846 1441 1862 1473 ,
1938 1398 2047 1473 „ut
2110 1391 2342 1455 mulier
2412 1391 2617 1476 spatio
2664 1390 2910 1455 defessa
2950 1411 3063 1455 ve-

613 1503 825 1567 tusto'’
857 1501 924 1587 2).
973 1543 1054 1551 -
1101 1493 1284 1571 Haec
1331 1507 1641 1592 poematis
1687 1529 1835 1592 pars
1878 1503 2282 1593 prosequitur
2327 1507 2678 1571 doctrinam
2724 1507 2801 1571 de
2837 1507 3063 1571 mundi

611 1627 756 1686 ortu
821 1645 912 1687 vs.
982 1625 1326 1690 416—508
1389 1627 1791 1711 expositam,
1862 1647 2053 1711 quam
2122 1625 2398 1689 vidimus
2460 1626 2539 1689 ab
2594 1625 2873 1710 Epicuro
2921 1645 3063 1689 esse

613 1746 950 1824 sumptam.
1057 1741 1242 1816 Quod
1310 1743 1445 1806 iam
1503 1749 1880 1826 argumento
1925 1764 2061 1806 esse
2108 1748 2365 1828 posset,
2437 1765 2550 1807 cur
2598 1743 2763 1807 hanc
2812 1748 3063 1828 partem

614 1878 864 1943 quoque
933 1879 1019 1922 ex
1087 1858 1352 1945 Epicuri
1399 1861 1650 1946 scriptis
1694 1860 1991 1926 haustam
2036 1882 2173 1925 esse
2227 1868 2616 1946 putaremus,
2708 1860 2835 1924 Sed
2877 1862 3065 1946 plura

615 1979 764 2038 sunt
829 1975 1082 2040 indicia.
1174 1977 1493 2042 Diodorus
1556 1979 1809 2043 Siculus
1838 1976 1887 2062 3)
1960 1979 2128 2042 enim
2195 1979 2389 2043 refert
2433 1978 2629 2042 fuisse
2675 1979 2857 2042 initio
2911 1981 3064 2059 ῃ-ι-ὴυ

613 2103 738 2178 γῆν
803 2091 1064 2172 πηλώδη
1128 2100 1225 2160 καὶ
1293 2096 1627 2172 παντελῶς
1687 2097 1946 2172 ἁπαλήν
1994 2145 2008 2160 .
2057 2099 2286 2173 ταυτὴν
2356 2094 2418 2162 δὲ
2486 2097 2559 2161 τὸ
2626 2101 2739 2178 μὲν
2805 2101 3065 2182 πρῶτον

613 2217 726 2276 τοῦ
793 2217 932 2297 περὶ
1000 2213 1116 2278 τὸν
1186 2213 1375 2290 ἥλιον
1444 2216 1646 2299 πυρὸς
1717 2214 2243 2299 καταλάμψαντος
2311 2212 2500 2290 πῆξιν
2544 2212 2813 2299 λαβεῖν,
2860 2213 3064 2278 ἔπειτα

615 2324 742 2392 διὰ
831 2331 977 2405 τὴν
1062 2333 1521 2416 θερμασίαν
1596 2331 2109 2411 ἀναζυμουμένης
2183 2341 2293 2407 τῆς
2370 2333 2763 2414 ἐπιφανείας,
2855 2357 3065 2395 συνοι-

614 2442 798 2520 δῆσαί
869 2475 1008 2512 τινα
1082 2451 1240 2513 τῶν
1311 2450 1589 2534 ὑγρῶν
1667 2450 1819 2514 κατὰ
1894 2447 2190 2523 πολλοὺς
2258 2449 2535 2526 τόπους,
2604 2451 2699 2512 καὶ
2770 2449 3065 2531 γενέσθαι

611 2569 750 2649 περὶ
797 2565 955 2630 αὐτὰ
1017 2563 1468 2642 σηπεδόνας
1539 2569 1758 2650 ὑμέσι
1818 2565 2157 2641 λεπτοῖς
2208 2568 2777 2652 περιεχομένας
2822 2564 2920 2648 (cf.
2966 2585 3062 2628 VS.

613 2665 934 2765 805—8),
1013 2686 1196 2769 ὅπερ
1272 2688 1349 2751 ἐν
1394 2693 1577 2760 τοῖς
1647 2684 1859 2749 ἕλεσι
1936 2688 2048 2750 καὶ
2125 2692 2291 2759 τοῖς
2373 2681 2863 2764 λιμνάζουσι
2906 2687 3065 2747 τῶν

612 2799 884 2864 τόπων
930 2798 1035 2864 ἔτι
1082 2804 1206 2865 καὶ
1255 2808 1401 2866 νῦν
1449 2804 1800 2884 ὁρᾶσθαι
1845 2802 2327 2885 γινόμενον,
2390 2795 2635 2864 ἐπειδὰν
2683 2808 2797 2874 τῆς
2844 2798 3065 2884 χώρας

613 2918 1077 3002 κατεψυγμένης
1137 2918 1314 3004 ἄφνω
1363 2915 1666 3003 διάπυρος
1716 2921 1751 2982 ὁ
1799 2918 1917 3001 ἀὴρ
1965 2920 2257 3003 γένηται,
2321 2919 2403 2997 μὴ
2450 2913 2685 3001 λαβὼν
2730 2917 2848 2992 τὴν
2892 2943 3065 2998 μετα-

609 3028 832 3115 βολὴν
878 3035 941 3098 ἐκ
984 3040 1096 3099 τοῦ
1144 3034 1276 3099 κατ’
1325 3038 1558 3119 ὀλίγον
1599 3034 1781 3115 (797,
1831 3034 1968 3115 98).
2018 3033 2561 3118 ζωογονουμένων
2593 3028 2657 3097 δὲ
2688 3036 2817 3097 τῶν
2844 3034 3062 3117 ὑγρῶν

613 3146 712 3215 διὰ
780 3162 893 3227 τῆς
959 3155 1306 3237 θερμασίας
1371 3154 1485 3216 τὸν
1553 3154 1874 3236 εἰρημένον
1942 3152 2221 3234 τρόπον.
2286 3153 2403 3225 τὰς
2445 3154 2557 3229 μὲν
2607 3152 2836 3224 νύκτας
2903 3148 3061 3229 λαμ·

610 3265 838 3353 βᾶνειν
905 3269 1122 3334 αὐτίκα
1187 3270 1303 3345 τὴν
1362 3271 1606 3354 τροφὴν
1653 3272 1715 3333 ἐκ
1759 3279 1871 3344 τῆς
1918 3270 2273 3345 πιπτούσης
2321 3266 2447 3331 ἀπὸ
2493 3272 2605 3330 τοῦ
2654 3268 3063 3352 περιέχοντος

614 3384 933 3471 ὁμίχλης,
979 3386 1094 3461 τὰς
1141 3384 1194 3452 δ’
1225 3388 1456 3471 ἡμέρας
1502 3386 1626 3450 ὑπὸ
1673 3391 1786 3449 τοῦ
1835 3388 2147 3467 καύματος
2196 3388 2637 3469 στερεοῦσθαι,
2684 3384 2755 3447 τὸ
2790 3380 2842 3447 δ’
2874 3382 3064 3468 ἔσχα-

611 3527 767 3579 τον,
835 3506 962 3566 τῶν
1009 3506 1532 3587 κυοφορουμένων
1577 3503 1693 3577 τὴν
1737 3500 1983 3566 τελείαν
2030 3497 2296 3574 αὔξησιν
2343 3497 2734 3584 λαβόντων,
2792 3502 2887 3562 καὶ
2933 3501 3063 3563 τῶν

617 3620 858 3701 ὑμένων
928 3616 1383 3685 διακαυθέντων
1449 3648 1512 3683 τε
1582 3624 1677 3684 καὶ
1743 3620 2243 3703 περιρραγέντων
2314 3616 2460 3697 (809
2532 3636 2703 3700 seqq.
2760 3635 2914 3699 quos
2958 3614 3066 3697 ubi

619 3741 888 3818 tempore
962 3741 1212 3799 maturo
1276 3734 1671 3818 patefecerat
1748 3740 1999 3815 aestuS,
2084 3736 2255 3815 cett.)
2326 3734 2677 3817 ἀναφυῆναι
2758 3730 3065 3798 παντοδα-

614 3855 782 3928 ποὺς
845 3856 1084 3927 τΰπους
1152 3852 1335 3927 ζώων
1381 3872 1396 3888 ·
1451 3854 1695 3917 τούτων
1743 3850 1805 3917 δὲ
1851 3852 1926 3916 τὰ
1971 3856 2084 3933 μὲν
2130 3849 2433 3924 πλείστης
2480 3852 2827 3933 θερμασίας
2874 3875 3067 3912 κεκοι-

617 3972 986 4053 νωνηκότα,
1051 3973 1212 4057 πρὸς
1257 3974 1406 4046 τοὺς
1448 3972 1795 4056 μετεώρους
1840 3971 2080 4047 τόπους
2126 3968 2460 4043 ἀπελθεῖν,
2506 3969 2813 4053 γενόμενα
2857 3968 3066 4044 πτηνά

615 4090 759 4170 (801
812 4089 1012 4174 seqq.)
1043 4139 1060 4167 ,
1127 4090 1203 4154 τὰ
1273 4086 1336 4154 δὲ
1407 4086 1687 4175 γεώδους
1754 4087 2143 4173 ἀντεχόμενα
2205 4088 2598 4171 συγκρίσεως
2671 4086 2737 4149 ἐν
2804 4088 2879 4169 τῇ
2935 4086 3065 4148 τῶν

615 4209 889 4293 ἑρπετῶν
959 4212 1055 4273 καὶ
1124 4211 1252 4272 τῶν
1313 4206 1538 4273 ἄλλων
1604 4214 1732 4271 τῶν
1801 4208 2088 4291 ἐπιγείων
2132 4200 2301 4278 τάξει
2347 4205 2881 4286 καταριθμηθῆναι
2926 4222 2940 4236 ·
2987 4202 3065 4265 τὰ

678 4531 716 4595 ¹)
788 4528 874 4580 Vs.
911 4531 1152 4579 soe—20.

674 4626 716 4687 9)
782 4623 870 4675 Vs.
908 4626 1149 4674 821-36.

675 4720 719 4786 ³)
787 4718 898 4770 Lib.
936 4718 997 4779 1,
1035 4734 1140 4782 cap.
1180 4720 1224 4771 7.
