3529 5359
1141 1131 1680 1225 CAPUT
1761 1089 2687 1226 SECUNDUM.

1311 1667 1418 1726 DE
1457 1664 1726 1726 ΜυΝΟΙ
1772 1663 1872 1724 ΕΧ
1908 1662 2235 1724 ΑΤΟΜ18
2281 1662 2539 1724 ORTU.

1661 1851 1873 1931 (Luor.
1918 1849 2029 1913 lib.
2073 1848 2185 1933 11).

783 2045 1238 2131 Explicaturus
1297 2049 1393 2107 est
1435 2049 1625 2128 poeta
1669 2042 1984 2129 quomodo
2031 2043 2244 2106 omnia
2290 2064 2373 2106 ex
2417 2043 2645 2107 atomis
2688 2043 2856 2108 faeta
2900 2043 3024 2106 sint
3070 2048 3141 2106 et

695 2163 764 2226 in
830 2184 938 2227 eas
1001 2162 1400 2227 resolvantur
1430 2160 1491 2239 ¹).
1579 2161 1888 2226 Materies
1954 2182 2082 2224 non
2148 2182 2263 2224 sua
2326 2161 2394 2224 vi
2440 2159 2781 2244 cohaeret3
2848 2161 3141 2225 videmus

695 2281 865 2345 enim
927 2301 1191 2366 corpora
1254 2285 1541 2364 tempore
1605 2278 1890 2342 deminui
1938 2284 2003 2342 et
2046 2278 2391 2363 particulas
2437 2277 2791 2342 dimittere:
2863 2279 2955 2342 ita
2997 2299 3142 2364 per-

693 2405 886 2485 petuo
953 2403 1244 2462 creseunt
1311 2403 1378 2461 et
1422 2395 1816 2460 decrescunt.
1908 2396 2253 2459 Moventur
2296 2401 2513 2459 autem
2558 2397 2754 2459 atomi
2776 2397 2822 2477 ²)
2868 2403 2981 2460 aut
3026 2418 3143 2459 sua

693 2517 1008 2601 gravitate
1054 2489 1168 2580 aut
1211 2515 1345 2578 ictu
1391 2515 1794 2578 extrinsecus
1838 2513 2016 2577 illato
2048 2513 2128 2595 ³),
2176 2535 2301 2598 quo
2345 2513 2418 2576 fit
2462 2519 2534 2577 ut
2581 2513 2751 2577 iuter
2797 2535 2863 2577 se
2913 2535 3143 2577 coneu-

693 2635 932 2698 tiantur
977 2639 1042 2697 et
1085 2654 1302 2697 rursus
1347 2632 1658 2697 resultent
1682 2635 1752 2709 4).
1844 2631 1937 2695 At
1982 2632 2280 2718 quoniam
2326 2651 2533 2718 neque
2566 2631 2768 2696 imum
2808 2639 2903 2695 est
2935 2632 3004 2696 in
3031 2653 3143 2697 va-

693 2775 812 2817 cuo
881 2773 1000 2816 nee
1068 2752 1254 2834 finis,
1324 2772 1440 2836 per
1499 2756 1833 2814 aeternum
1878 2755 2131 2834 tempus
2175 2748 2279 2813 hie
2325 2756 2533 2813 motus
2580 2750 2851 2814 durabit.
2940 2750 3141 2815 Hisce

689 2869 925 2933 ictibus
983 2889 1171 2955 porro
1231 2866 1576 2930 nonnullae
1622 2866 1820 2929 atomi
1866 2871 2181 2951 stipantur
2223 2866 2503 2929 minimis
2546 2867 2904 2931 intervallis
2947 2867 3147 2930 inter-

691 2986 946 3073 positiS,
1015 2986 1179 3050 aliae
1248 2984 1635 3067 maioribus;
1708 2983 1953 3069 priores
2000 2983 2149 3048 illae
2195 2985 2588 3048 constituunt
2634 2984 2822 3067 dura,
2868 2984 2989 3049 hae
3034 3007 3149 3049 au-

692 3112 824 3170 tem
889 3105 1181 3169 molliora
1251 3110 1316 3167 et
1383 3104 1596 3167 minus
1663 3102 1887 3186 gravia
1940 3123 2204 3187 corpora
2228 3102 2294 3185 ⁵).
2384 3102 2731 3166 Praeterea
2772 3102 2977 3166 multa
3018 3103 3147 3189 pri-

693 3224 940 3287 mordia
1004 3243 1119 3309 per
1163 3224 1352 3286 inane
1401 3226 1713 3305 vagantur
1757 3239 1921 3305 quae
1967 3218 2249 3283 nondum
2294 3225 2441 3283 sunt
2486 3226 2914 3305 congregata:
2985 3219 3147 3284 haee

692 3347 1018 3427 tamquam
1084 3339 1263 3403 cibus
1330 3344 1478 3402 sunt
1546 3338 1933 3423 corporibus.
2076 3337 2327 3402 Horum
2394 3344 2605 3401 motus
2676 3343 2741 3401 et
2812 3338 3148 3401 tenuitatis

692 3458 1037 3541 imaginem
1105 3455 1288 3519 nobis
1329 3455 1641 3541 praebent
1685 3454 2094 3539 corpuscula,
2143 3475 2304 3539 quae
2349 3454 2415 3517 in
2463 3454 2611 3517 solis
2658 3454 2851 3517 radiis
2894 3454 3145 3517 moveri

763 3689 802 3753 1)
870 3688 937 3737 D.
971 3688 1031 3737 L.
1065 3686 1145 3747 X,
1196 3688 1286 3745 42,
1337 3688 1402 3737 τὰ
1449 3686 1615 3747 ἄτομα
1671 3690 1776 3734 τῶν
1809 3686 2056 3749 σωμάτων
2088 3687 2173 3736 καὶ
2207 3687 2395 3749 μεστά,
2445 3685 2497 3741 ἐξ
2550 3684 2623 3735 ὦν
2654 3686 2741 3735 καὶ
2772 3684 2825 3735 αἱ
2858 3686 3144 3749 συγκρίσεις

696 3787 934 3851 γίνονται
967 3786 1051 3834 καὶ
1085 3784 1154 3841 εἰς
1189 3787 1223 3832 ἃ
1255 3781 1589 3832 διαλύονται.
1610 3816 1623 3829 .
1643 3818 1654 3831 .
1675 3818 1689 3832 .

761 3878 803 3943 ²)
871 3878 907 3927 l.
940 3877 976 3926 l.
1017 3881 1078 3927 43
1120 3873 1384 3927 κινοῦνταί
1417 3893 1472 3925 τε
1505 3880 1730 3939 συνεχῶς
1764 3876 1819 3924 αἱ
1854 3875 2051 3939 ἄτομοι.

763 3974 800 4033 ³)
871 3973 1008 4023 Stob.
1041 3972 1150 4022 Ecl.
1187 3972 1244 4032 I,
1281 3974 1406 4030 366,
1430 3972 1682 4021 κινεῖσθαι
1727 3969 1777 4019 δὲ
1816 3968 1989 4035 (φησὶν
2022 3970 2049 4019 ὁ
2082 3974 2403 4035 Ἐπίκουρος)
2440 3974 2502 4021 τὰ
2535 3973 2703 4036 ἅτομτ
2742 3974 2853 4021 τοτὲ
2888 3972 2980 4033 μὲν
3013 3972 3151 4021 κατὰ

701 4070 968 4133 στάθμην,
1007 4072 1120 4122 τοτὲ
1155 4068 1204 4118 δὲ
1239 4070 1370 4117 κατὰ
1404 4069 1769 4133 παρέγκλισιν,
1806 4068 1869 4116 τὰ
1902 4066 1951 4116 δὲ
1974 4068 2079 4117 ἄνω
2103 4068 2373 4132 κινούμενα
2401 4070 2529 4117 κατὰ
2552 4070 2767 4134 πληγὴν
2789 4070 2875 4117 καὶ
2898 4069 3145 4117 &vorax-

699 4167 810 4227 μόν.
875 4164 940 4213 D.
976 4163 1034 4213 L.
1068 4163 1150 4222 X,
1186 4166 1246 4211 61
1268 4200 1279 4219 ,
1320 4162 1349 4222 ἡ
1383 4162 1450 4220 εἰς
1486 4165 1543 4213 τὸ
1578 4163 1807 4226 πλάγιον
1840 4160 1922 4210 διὰ
1955 4168 2057 4212 τῶν
2088 4162 2344 4225 κρούσεων
2375 4164 2505 4227 φορὰ
2537 4163 2651 4213 οὐθ’
2688 4168 2720 4223 ὴ
2756 4163 2895 4213 κάτω
2928 4162 3010 4212 διὰ
3044 4168 3151 4212 τῶν

703 4258 842 4309 ἰδίων
872 4258 1058 4323 βαρῶν
1077 4296 1089 4309 .
1109 4295 1122 4307 .
1150 4294 1162 4305 .

764 4352 807 4418 4)
879 4354 942 4401 D.
978 4353 1036 4403 L.
1071 4352 1139 4402 X.
1175 4357 1238 4402 44
1260 4390 1274 4411 ,
1309 4353 1342 4413 ἥ
1399 4370 1451 4401 τε
1507 4353 1777 4414 στερεότης
1832 4350 1865 4411 ἡ
1918 4350 2225 4416 ὑπάρχουσα
2282 4353 2467 4410 αὐταῖς
2516 4353 2649 4402 κατὰ
2694 4353 2794 4412 τὴν
2840 4350 3153 4417 σύγκρουσιν

704 4452 796 4500 τὸν
829 4449 1152 4513 ἀποπαλμὸν
1193 4451 1340 4497 ποιεῖ.

766 4544 808 4606 ⁵)
876 4544 942 4593 D.
979 4543 1038 4593 L.
1072 4542 1156 4603 X,
1204 4546 1302 4603 43,
1349 4546 1434 4593 καὶ
1485 4545 1538 4593 αἱ
1580 4548 1671 4608 μὲν
1712 4547 1925 4609 μακρὰν
1970 4544 2058 4595 ἀπ’
2108 4541 2359 4603 ἀλλήλων
2401 4543 2719 4603 διίστανται,
2776 4541 2827 4591 αἱ
2860 4540 2899 4590 δ’
2939 4540 3005 4590 αὖ
3057 4544 3149 4592 τὸυ

702 4643 916 4703 παλμὸν
961 4642 1220 4703 ἶσχουσιν,
1285 4641 1414 4690 ὅταν
1466 4640 1691 4705 τύχωσιν
1739 4642 1824 4693 ἐπὶ
1872 4642 1969 4701 τὴν
2020 4640 2342 4704 περιπλοκὴν
2391 4640 2677 4703 κεκλιμέναι
2722 4638 2755 4699 ἣ
2789 4638 3153 4703 στεγαζόμεναι

705 4738 847 4800 παρὰ
881 4740 988 4786 τῶν
1026 4740 1332 4787 πλεκτικῶν.
