3529 5359
1756 335 1881 397 158

591 540 848 624 ineptus
911 537 1063 603 ordo
1131 544 1227 602 est
1252 588 1268 621 ‚
1337 537 1518 623 quasi
1584 542 1713 601 tres
1782 536 2088 622 postremi
2153 536 2249 598 illi
2294 556 2517 600 versus
2562 537 3039 620 (1087—1089)

592 658 710 723 soli
752 658 834 722 ad
879 656 1220 722 secundam
1263 657 1572 720 rationem
1617 657 1998 742 pertineant.
2090 655 2460 720 Collocandi
2518 661 2665 719 sunt
2718 661 2867 720 ante
2898 677 3038 720 ver-

597 797 738 839 sum
788 777 993 858 1065,
1041 780 1113 838 ut
1156 774 1261 838 hic
1306 794 1527 837 versus
1573 772 1944 837 referendus
1988 773 2071 836 sit
2116 772 2197 837 ad
2240 775 2447 836 1089:
2498 773 2692 836 atomi
2723 774 3040 857 magnetis

597 897 663 954 et
706 891 856 955 ferri
902 890 1082 976 quasi
1125 889 1350 953 anellis
1395 895 1459 952 et
1503 887 1708 952 hamis
1753 887 2082 972 praeditae
2128 887 2295 950 inter
2342 909 2408 952 se
2454 887 2641 953 facile
2686 889 3039 973 iunguntur

593 1009 688 1073 ita
752 1015 826 1072 ut
887 1007 1309 1073 cohaereant:
1377 1027 1540 1092 quae
1587 1007 1945 1091 complexio
1991 1006 2111 1070 etsi
2154 1007 2223 1068 in
2265 1013 2564 1090 magnete
2610 1013 2677 1071 et
2719 1005 2884 1071 ferro
2929 1028 3037 1094 po-

593 1125 911 1188 tissimum
955 1129 1221 1210 apparet
1247 1173 1263 1206 ,
1307 1129 1522 1188 tamen
1568 1145 1652 1188 ex
1695 1124 1838 1187 aliis
1883 1122 2197 1209 exemplis
2242 1123 2436 1188 etiam
2481 1124 2775 1208 cognosci
2804 1130 3035 1211 potest.

681 1243 818 1307 Iam
864 1247 1062 1306 restat
1105 1247 1178 1305 ut
1224 1240 1630 1306 ostendamus
1676 1241 2048 1305 Lucretium
2092 1241 2159 1316 in
2189 1238 2309 1304 hac
2342 1240 2628 1305 doctrina
2656 1242 3038 1328 exponenda

594 1358 946 1444 Epicurum
991 1365 1283 1422 secutum
1329 1379 1487 1422 esse.
1576 1357 1774 1444 Apud
1819 1358 2135 1422 Galenum
2161 1407 2177 1440 ‚
2222 1367 2361 1442 περὶ
2396 1356 2721 1442 δυνάμεων
2755 1365 3036 1445 φυσικῶν

597 1474 740 1538 libr.
787 1475 820 1539 I
867 1496 1003 1561 cap.
1049 1474 1216 1538 XIV
1260 1475 1534 1558 legimus
1578 1475 1931 1560 Epicurum
1974 1495 2101 1537 non
2148 1473 2226 1537 de
2270 1473 2391 1538 hoc
2422 1474 2862 1559 phaenomeno
2902 1476 3035 1540 solo

597 1592 968 1657 disseruisse
1021 1615 1244 1657 verum
1291 1595 1485 1658 etiam
1532 1594 1610 1658 de
1656 1595 1877 1658 sucino
1922 1594 2056 1658 sive
2102 1593 2339 1656 electro
2383 1594 2602 1679 paleas
2647 1592 3029 1660 attrahente.

595 1711 794 1776 Porro
863 1711 1130 1775 alteram
1199 1710 1486 1774 Lucretii
1549 1710 2047 1795 explicationem
2115 1711 2398 1774 Galenus
2443 1711 2722 1795 Epicuro
2768 1711 2993 1776 tribuit
3017 1761 3034 1794 ,

594 1828 682 1892 l.l.
727 1829 1108 1913 Ἐπίκουρος
1151 1833 1263 1910 μὲν
1309 1828 1462 1910 οὖν,
1509 1832 1704 1892 καίτοι
1735 1829 2205 1913 παραπλησίοις
2234 1827 2666 1916 Ἀσκληπιάδῃ
2698 1835 3036 1916 στοιχείοις

597 1949 685 2020 εἰς
752 1949 868 2022 τὴν
936 1945 1362 2032 φυσιολογίαν
1436 1947 1807 2031 χρώμενος,
1879 1949 2051 2026 ὅμως
2118 1946 2455 2032 ὁμολογεῖ,
2522 1950 2687 2031 πρὸς
2752 1952 2865 2028 μὲν
2924 1957 3036 2022 τῆς

596 2062 934 2148 ἡρακλείας
992 2063 1185 2128 λίθου
1246 2066 1360 2128 τὸν
1422 2061 1684 2147 σίδηρον
1731 2064 2056 2140 ἕλκεσθαι,
2102 2065 2267 2149 πρὸς
2314 2062 2377 2130 δὲ
2422 2068 2550 2128 τῶν
2595 2065 2912 2150 ἠλέκτρων
2956 2067 3034 2132 τὰ

595 2180 868 2267 κυρήβια
901 2180 958 2264 ¹),
1003 2187 1097 2246 καὶ
1131 2185 1412 2264 πειρᾶταί
1438 2209 1508 2266 γε
1542 2186 1638 2245 καὶ
1668 2183 1784 2256 τὴν
1816 2185 2019 2246 αἰτίαν
2050 2179 2419 2246 ἀποδιδόναι
2450 2188 2561 2247 τοῦ
2594 2185 2971 2267 φαινομένου
3006 2229 3022 2245 .

592 2301 708 2376 τὰς
767 2301 893 2382 ’γὰρ
955 2297 1397 2385 ἆποῤῥεούσας
1459 2300 1732 2378 ἀτόμους
1786 2297 1911 2362 ἀπὸ
1956 2303 2085 2362 τῶν
2128 2298 2337 2363 λίθων
2381 2307 2518 2373 ταῖς
2565 2297 3033 2385 ἆποῤῥεοΰσαις

587 2417 714 2482 ἀπὸ
759 2421 873 2481 τοῦ
919 2413 1180 2500 σιδήρου
1225 2423 1360 2490 τοῖς
1406 2419 1725 2500 σχῆμασιν
1775 2419 2003 2492 οἰκείας
2050 2415 2208 2480 εἶναί
2252 2430 2483 2500 φησιν,
2531 2418 2686 2482 ὥστε
2734 2415 3025 2501 περιπλέ-

595 2537 807 2598 κεσθαι
865 2531 1102 2618 ῥᾳδίως
1151 2582 1164 2595 .
1211 2535 1735 2617 προςκρουοΰσας
1792 2530 1908 2596 οὖν
1953 2533 2149 2608 αὐτὰς
2194 2540 2330 2612 τοῖς
2376 2537 2791 2619 συγκρίμασιν
2836 2536 3031 2598 ἑκατέ-

591 2679 776 2738 ροις,
833 2660 973 2726 τοῖς
1039 2678 1101 2715 τε
1162 2656 1274 2715 τοῦ
1335 2649 1526 2715 λίθου
1585 2655 1681 2715 καὶ
1749 2655 1863 2715 τοῦ
1926 2647 2230 2734 σιδήρου,
2292 2648 2515 2716 κᾶπειτ’
2578 2655 2664 2726 εἰς
2724 2652 2797 2716 τὸ
2840 2654 3034 2734 μέσον

593 2767 1134 2849 ἀποπαλλομένας
1157 2816 1175 2846 ‚
1207 2768 1410 2842 οὕτως
1441 2767 1760 2847 ἀλλήλαις
1792 2796 1855 2833 τε
1890 2770 2362 2852 περιπλέκεσθαι
2394 2773 2489 2833 καὶ
2524 2774 3028 2834 συνεπισπᾶσθαι

596 2888 711 2951 τὸν
781 2854 1062 2969 σίδηρχον.
1156 2885 1441 2949 Priorem
1509 2885 2004 2969 explicationem
2069 2883 2442 2949 Alexander
2483 2885 3028 2970 ·Aphrodisiensis

599 3003 993 3081 (Quaestion.
1039 3008 1247 3066 natur.
1293 3002 1400 3065 lib.
1450 3002 1537 3065 H.
1587 3024 1722 3087 cap.
1772 3004 1879 3079 23)
1929 3002 2302 3086 Empedocli
2348 3003 2612 3085 tribuit,
2660 3004 2769 3089 qui
2822 3024 3033 3087 „mag-

591 3122 757 3185 netis
822 3120 1059 3184 ferrum
1119 3120 1201 3185 ad
1260 3141 1326 3184 se
1395 3119 1706 3184 trahentis
1774 3122 1906 3184 vim
1967 3121 2276 3206 explicuit
2324 3142 2358 3185 e
2402 3122 2648 3185 ratione
2694 3144 2991 3208 pororum
3015 3173 3031 3206 ,

593 3238 808 3302 dicens
840 3288 856 3321 ‚
925 3259 1000 3301 eo
1057 3237 1226 3323 quod
1271 3238 1598 3323 utriusque
1647 3238 1960 3323 ἀπορροαὶ
2008 3245 2073 3300 et
2116 3242 2306 3323 πόροι
2351 3239 2519 3302 inter
2564 3260 2633 3302 se
2680 3246 3033 3324 congruant

593 3354 800 3437 effici,
869 3361 939 3418 ut
1009 3375 1076 3417 se
1144 3354 1420 3417 invicem
1466 3360 1791 3439 appetant.
1882 3354 2095 3427 Quum
2141 3356 2311 3417 enim
2356 3356 2671 3439 magnetis
2716 3357 3033 3441 ἀπορροαί

589 3472 656 3537 in
723 3472 961 3536 ferrum
1028 3472 1369 3534 influentes
1430 3476 1643 3535 aerem
1709 3493 1897 3557 poros
1961 3471 2114 3535 ferri
2160 3473 2555 3537 obsidentem
2598 3475 3029 3557 removerint,

592 3596 729 3654 tum
772 3590 1009 3653 ferrum
1056 3590 1332 3653 vicissim
1376 3610 1675 3673 magnam
1723 3590 2016 3653 emittere
2064 3590 2469 3654 effluxionem
2489 3640 2505 3673 ,
2572 3612 2774 3677 eaque
2819 3592 3031 3676 ipsum

591 3706 780 3771 simul
824 3706 905 3769 ad
947 3712 1312 3789 magnetem
1356 3706 1535 3790 rapi”
1569 3707 1634 3788 ²).
1727 3706 2043 3791 Epicurus
2086 3708 2305 3792 procul
2352 3707 2542 3770 dubio
2586 3707 2749 3771 hanc
2794 3708 3028 3793 Empe-

592 3822 788 3886 doclis
857 3822 1322 3916 expositionem
1368 3822 1692 3905 laudavit,
1759 3824 2091 3906 vulgarem
2136 3845 2315 3887 suam
2360 3844 2629 3909 sequens
2673 3825 2983 3888 rationem
3008 3874 3027 3907 ,

592 3961 737 4003 cum
780 3939 988 4002 varias
1031 3938 1552 4024 philosophorum
1597 3938 1915 4002 doctrinas
1960 3940 2013 4003 si
2059 3941 2333 4004 naturali
2377 3941 2621 4005 ratione
2663 3962 2801 4005 rem
2834 3962 3027 4027 expo-

590 4055 870 4137 nebant,
939 4076 1141 4141 aeque
1206 4076 1390 4119 veras
1448 4055 1763 4119 habuerit.
1855 4055 2040 4130 Quod
2084 4057 2189 4119 vel
2232 4057 2637 4121 manifestum
2684 4057 2757 4120 fit
2800 4059 2854 4121 si
2899 4058 3028 4122 Lu-

589 4172 772 4237 cretii
837 4173 1034 4236 verba
1102 4194 1192 4236 vs.
1266 4175 1431 4236 1070
1477 4194 1648 4259 seqq.
1697 4194 1889 4257 supra
1933 4172 2191 4237 laudata
2234 4176 2557 4259 componis
2602 4197 2747 4239 cum
2792 4176 3025 4261 Empe-

591 4288 786 4353 doclis
852 4290 1180 4354 Versibus:
1251 4292 1402 4377 οἴνῳ
1470 4289 1636 4378 ὕδωρ
1695 4291 1954 4374 μᾶλλον
1998 4292 2169 4356 πέλει
2211 4290 2526 4378 ἅρθμιον,
2595 4292 2790 4377 αὐτὰρ
2839 4292 3027 4379 ἐλαίῳ

653 4494 686 4554 ¹)
756 4493 1012 4545 Pertinent
1057 4492 1178 4542 haec
1209 4493 1272 4542 ad
1313 4496 1558 4543 certamen
1588 4492 1719 4543 inter
1749 4492 1980 4559 physicos
2030 4494 2090 4542 de
2128 4498 2354 4557 magnete
2372 4529 2386 4555 ,
2436 4510 2558 4543 num
2589 4493 2775 4543 ferrum
2806 4493 3026 4545 attrahat

586 4604 653 4639 an
686 4605 803 4640 vero
833 4593 1113 4653 magnetem
1145 4588 1347 4639 ferrum.

653 4682 696 4750 ²)
766 4684 980 4733 Karsten
993 4720 1007 4746 ,
1031 4683 1340 4748 Empedoclis
1357 4684 1676 4749 Agrigentini
1697 4684 1971 4735 carminum
1990 4682 2241 4747 reliquiae.
2267 4683 2533 4733 Amstelod.
2566 4686 2687 4733 1838
2706 4720 2719 4745 ,
2753 4699 2865 4748 pag.
2912 4686 3024 4732 440.
