3529 5359
1892 375 2013 436 178

711 584 817 666 ρίᾳ
863 582 1073 666 φΰσει,
1138 582 1230 645 ὅτι
1275 579 1350 643 τὰ
1399 577 1708 664 ἀναγκαῖα
1755 581 2046 655 ἐποίησεν
2093 579 2432 663 εὐπόριστα
2462 629 2475 654 ,
2542 581 2617 645 τὰ
2665 576 2728 645 δὲ
2775 576 3157 664 δυσπόριστα

712 698 826 762 οὐκ
893 699 1201 783 ἀναγκαῖα
1242 694 1298 779 ¹).
1392 694 1498 758 Sic
1569 694 1761 758 etiam
1825 695 2012 757 multi
2079 695 2174 757 illi
2218 695 2377 778 loci,
2441 695 2670 780 quibus
2714 696 2971 759 nomine
3020 695 3158 758 deo-

711 836 854 877 rum
937 820 1204 878 naturae
1273 813 1440 876 vires
1507 812 1848 876 Lucretius
1932 813 2254 895 celebrat,
2318 813 2631 898 imprimis
2691 813 3039 877 clarissima
3098 817 3157 876 et

709 930 1139 1016 pulcherrima
1180 929 1292 993 illa
1336 928 1612 993 Veneris
1655 930 1974 994 invocatio
2021 929 2205 993 initio
2252 930 2398 993 libri
2444 931 2633 1015 primi
2664 931 2753 1012 2),
2810 930 2972 993 nihil
3019 951 3158 992 con-

709 1048 957 1130 tinent,
1006 1047 1174 1132 quod
1219 1069 1364 1110 cum
1409 1046 1674 1132 Epicuri
1721 1053 1936 1110 mente
1981 1068 2109 1110 non
2154 1048 2513 1111 conveniat.
2592 1047 2938 1111 Praeterea
2970 1052 3158 1130 poeta

710 1165 879 1229 cavit
922 1186 1003 1228 ne
1049 1165 1117 1227 in
1166 1156 1411 1228 errores
1458 1185 1572 1228 eae
1617 1164 2032 1249 metaphorae
2081 1164 2311 1228 ducere
2359 1171 2659 1249 possent,
2722 1163 3157 1248 cum'saepius

711 1282 820 1366 0111
865 1280 990 1343 81111
1034 1278 1508 1363 intellegendae
1555 1279 1692 1363 ipse
1737 1278 2065 1342 indicavit.
2117 1279 2211 1343 Of.
2261 1279 2390 1362 IV,
2446 1281 2648 1361 10583
2692 1279 2791 1361 V,
2842 1281 2987 1342 821.

794 1399 1141 1461 Praeterea
1185 1397 1479 1461 Ritterus
1525 1396 1688 1459 hanc
1736 1396 1815 1460 ob
1863 1419 2118 1460 causam
2165 1397 2539 1461 Lucretium
2585 1396 2773 1459 laude
2808 1396 3157 1479 digniorem

711 1537 848 1580 esse
892 1517 1031 1579 vult
1077 1538 1269 1601 quam
1313 1514 1699 1600 Epicurum,
1749 1515 1899 1600 quia
1944 1516 2150 1599 magis
2197 1522 2462 1579 naturae
2494 1514 2938 1599 phaenomena
2968 1513 3159 1577 firmis

707 1633 1060 1697 rationibus
1130 1633 1506 1717 legibusque
1575 1632 1783 1694 teneri
1828 1632 2051 1696 doceat
2084 1631 2153 1709 ³).
2244 1632 2334 1696 At
2401 1633 2653 1696 Rittero
2714 1637 3158 1715 argumentum

708 1751 1042 1837 quaerenti
1104 1750 1356 1814 fortuna
1399 1771 1527 1812 non
1575 1749 1807 1812 arrisit.
1900 1749 2043 1812 Hoc
2091 1749 2259 1812 enim
2307 1749 2566 1834 profert.
2657 1750 2735 1812 In
2779 1747 3158 1833 phaenome-

706 1869 808 1932 nis
877 1867 1275 1954 explicandis
1321 1867 1575 1931 3111010
1622 1867 1832 1930 iudice
1880 1889 2068 1952 quam
2115 1867 2396 1931 maxime
2442 1867 2669 1931 vitavit
2712 1872 2904 1951 poeta
2948 1884 3157 1930 casum

706 1985 1154 2071 fortunamque
1222 1985 1569 2066 inducere,
1639 1985 1792 2070 quin
1864 1985 2055 2048 etiam
2124 1986 2329 2069 ipsam
2374 1983 2719 2048 humanam
2764 1984 3155 2047 voluntatem

706 2104 897 2166 certis
945 2103 1150 2167 causis
1183 2102 1430 2165 definiri
1477 2108 1541 2164 et
1587 2102 1830 2164 moveri
1878 2101 2110 2164 docuit.
2161 2102 2367 2186 Supra
2411 2122 2557 2187 pag.
2594 2103 2694 2183 99,
2733 2103 2855 2164 100
2884 2099 3155 2163 vidimus

706 2220 774 2283 id
819 2241 1042 2283 verum
1091 2240 1265 2301 esse,
1313 2218 1424 2282 sed
1471 2218 1666 2281 simul
1713 2241 1797 2282 ex
1826 2219 1981 2303 ipsis
2013 2219 2275 2303 Epicuri
2310 2220 2561 2304 scriptis
2588 2219 3157 2282 demonstravimus

707 2337 1082 2420 magistrum
1126 2336 1298 2398 idem
1347 2335 1571 2399 fecisse
1621 2342 1684 2399 et
1731 2336 2112 2421 discipulum
2157 2358 2284 2399 11011
2322 2337 2511 2400 laude
2544 2337 2656 2400 sed
2688 2337 3155 2421 vituperatione

705 2455 919 2540 potius
989 2453 1253 2537 dignum
1326 2474 1503 2535 esse,
1575 2475 1719 2517 cum
1789 2453 2001 2517 media
2045 2454 2114 2516 in
2162 2455 2592 2518 controversia
2634 2476 2749 2516 nos
2793 2454 3153 2538 reliquerit,

706 2592 897 2657 quam
964 2570 1269 2654 magister
1337 2570 1578 2633 evitare
1646 2570 1750 2633 vel
1820 2571 2064 2634 solvere
2134 2577 2397 2634 conatus
2468 2572 2566 2634 sit.
2666 2571 2846 2644 Quae
2912 2571 3155 2656 reliqua

708 2689 1074 2753 discrimina
1119 2688 1411 2753 Ritterus
1458 2710 1523 2752 80
1572 2689 1813 2752 0101880
1858 2695 2077 2774 putat,
2134 2711 2278 2753 cum
2327 2690 2723 2774 superiorum
2775 2690 3153 2773 gravitatem

706 2828 836 2870 non
899 2811 1234 2891 superent,
1304 2807 1652 2891 praeterire
1719 2806 1901 2870 nobis
1970 2807 2196 2889 liceat,
2259 2812 2331 2869 ut
2386 2813 2700 2891 quatenus
2750 2806 3154 2891 Empedoclis

708 2904 993 2987 doctrina
1067 2923 1330 3008 Epicuri
1411 2923 1883 3009 philosophiam
1959 2923 2261 2987 Lucretio
2335 2924 2689 3009 interprete
2758 2924 3151 3005 immutarit,

703 3040 1186 3123 investigemus
1279 3039 1519 3103 Eorum
1588 3042 1814 3124 turba,
1902 3041 2009 3127 qui
2078 3041 2143 3103 id
2198 3040 2553 3123 affirmant,
2621 3063 2748 3104 non
2815 3041 3151 3105 admodum

707 3164 803 3222 est
848 3178 1079 3242 parva,
1150 3157 1317 3220 inter
1363 3178 1519 3242 quos
1565 3158 1975 3221 numerandi:
2068 3158 2348 3222 Friesius
2377 3162 2465 3241 4),
2528 3159 2819 3223 Ritterus
2849 3157 2892 3241 ⁵)
2915 3209 2931 3240 ,
2994 3159 3151 3222 Kar-

705 3273 948 3337 stenius
981 3274 1061 3355 6),
1131 3272 1560 3337 Reisackerus
1598 3272 1674 3356 7),
1746 3273 1999 3337 Hallier
2031 3273 2113 3357 8),
2176 3275 2504 3338 Baestlein
2536 3274 2600 3357 9).
2690 3274 2929 3338 Omnes
2974 3295 3151 3361 quos-

703 3389 849 3454 dam
894 3390 1067 3453 locos
1098 3395 1358 3469 notant,
1412 3390 1643 3475 quibus
1689 3390 2049 3477 LucretiuS,
2083 3391 2536 3477 Empedoclem
2568 3397 2847 3472 8000108,
2894 3392 2974 3455 ab
3002 3391 3150 3476 Epi-

773 3665 809 3729 ¹)
881 3664 1018 3715 Stob.
1057 3664 1228 3715 Floril.
1265 3665 1326 3726 Ι,
1365 3668 1474 3713 281.

769 3759 812 3823 2)
879 3759 1011 3809 Mira
1060 3766 1136 3809 est
1168 3760 1490 3824 congruentia
1523 3776 1595 3809 vs.
1635 3764 1727 3809 22:
1778 3777 1901 3819 „nec
1936 3761 2041 3811 sine
2074 3768 2125 3811 te
2162 3762 2387 3826 (Venere)
2426 3763 2687 3827 quicquam
2724 3762 2831 3811 dias
2865 3762 2919 3811 in
2952 3760 3150 3811 luminis

705 3869 814 3903 oras
847 3854 1095 3904 exoritur''
1114 3891 1127 3915 ‚
1164 3870 1277 3903 cum
1309 3854 1402 3905 hoc
1439 3854 1668 3903 Schilleri
1701 3870 1883 3905 versu:
1922 3856 2098 3915 „Ohne
2132 3856 2285 3906 Liebe
2319 3856 2465 3906 kehrt
2496 3856 2616 3905 kein
2650 3856 2897 3920 Friihling
2920 3855 3148 3905 wieder''.

773 3948 814 4013 ³)
885 3948 1005 4012 Pag.
1060 3950 1152 4001 97:
1223 3948 1406 3998 Hierin
1456 3948 1649 3998 schcint
1697 3964 1750 3998 er
1799 3949 2077 4013 uberhaupt
2126 3966 2240 4000 vom
2290 3950 2539 4013 Epikuros
2583 3949 2723 3999 nicht
2763 3948 3153 3999 unvortheilhafl:

705 4043 810 4094 sich
863 4059 929 4091 zu
976 4042 1355 4093 unterscheiden
1374 4081 1387 4105 ‚
1441 4045 1552 4093 dass
1603 4060 1656 4094 er
1707 4045 1794 4094 das
1828 4045 2221 4109 Gesetzmassige
2254 4046 2308 4095 in
2342 4048 2428 4095 der
2460 4044 2818 4109 Entwicklung
2850 4046 2937 4095 der
2970 4046 3017 4094 N
3019 4049 3149 4094 atur·

703 4137 1097 4202 erscheinungen
1129 4139 1282 4189 foster
1315 4156 1384 4188 zu
1413 4140 1585 4189 halten
1619 4140 1791 4189 strebt.

768 4231 810 4296 ⁴)
881 4230 1175 4281 Geschichte
1208 4232 1295 4281 der
1327 4232 1663 4295 Philosophie.
1731 4232 1883 4283 Helle
1922 4232 2044 4285 1837
2062 4269 2075 4293 ,
2113 4232 2209 4283 vol.
2249 4237 2271 4281 1
2294 4270 2308 4293 ‚
2343 4250 2391 4296 p.
2429 4236 2539 4282 209.

771 4326 806 4383 ⁵)
875 4325 933 4375 L.
969 4324 1002 4373 1.
1037 4342 1085 4388 p.
1123 4327 1201 4374 98.
1860 4374 1865 4380 .
2634 4305 2642 4313 ’

768 4419 809 4484 ⁵)
879 4420 1190 4483 Empedoclis
1221 4420 1536 4484 Agrigentini
1569 4424 1841 4472 carminum
1874 4423 2125 4488 reliquiae.
2193 4423 2544 4473 Amstelodami
2578 4422 2761 4472 Muller
2778 4459 2791 4483 ‚
2832 4425 2970 4473 1838.

769 4515 810 4577 7)
881 4514 1082 4571 Quaest.
1118 4514 1314 4564 Lucret.
1349 4530 1398 4578 p.
1435 4519 1514 4565 43.
2287 4490 2299 4506 '

769 4610 810 4673 Β)
880 4609 1081 4659 Lucreti
1115 4610 1346 4659 Carmina
1378 4626 1405 4660 e
1438 4611 1727 4675 fragmentis
1759 4611 2073 4676 Empedoclis
2106 4612 2409 4663 adumbrata.
2477 4613 2511 4663 J
2513 4628 2633 4662 enac
2669 4613 2807 4665 1857.

767 4699 810 4770 ⁹)
880 4704 1012 4762 Quid
1044 4706 1220 4755 debeat
1251 4706 1512 4755 Lucretius
1545 4707 1834 4769 Empedocli
1866 4707 2203 4772 Agrigentino.
2282 4708 2330 4757 S.
2366 4707 2401 4757 1.
2436 4712 2487 4757 01
2518 4724 2561 4756 a.
