3529 5359
1884 351 1969 414 46

709 556 920 621 omnia
983 554 1423 642 phaenomena
1488 574 1573 618 ex
1626 553 1909 635 „caecis”
1956 552 2183 616 atomis
2228 573 2573 638 earumque
2620 558 2798 617 motu
2845 552 3153 638 explicari

709 681 970 761 possunt
1030 681 1094 738 et
1140 673 1414 756 debent;
1485 673 1727 738 nullam
1776 671 2037 736 deorum
2082 678 2465 757 potestatem
2507 671 2571 734 in
2620 671 2739 736 hac
2783 692 2998 735 rerum
3044 693 3149 734 na-

709 798 854 855 tura
919 797 1216 876 agentem
1285 789 1596 854 videmus.
1686 789 1856 854 Casu
1912 795 1977 852 et
2034 787 2293 852 fortuito
2352 809 2467 873 per
2519 795 2849 853 aeternum
2902 794 3150 873 tempus

710 915 854 996 post
957 915 1261 974 sexcenta
1356 907 1534 972 milia
1623 915 1979 972 atomorum
2064 907 2577 993 complexionum
2664 907 2922 972 tandem
2995 905 3149 971 haec

711 1033 850 1090 orta
895 1032 992 1090 est
1016 1076 1032 1109 ,
1084 1047 1275 1112 quam
1318 1025 1627 1089 mundum
1670 1047 1991 1090 vocamus.
2079 1025 2171 1090 At
2216 1025 2385 1111 quod
2430 1026 2627 1089 semel
2672 1046 2797 1088 uno
2842 1025 2982 1088 loco
3025 1023 3148 1088 fac-

712 1151 849 1208 tum
909 1151 1008 1208 est
1026 1193 1042 1226 ,
1109 1143 1334 1206 iisdem
1381 1143 1587 1208 causis
1633 1143 1969 1226 agentibus
1995 1192 2011 1225 ,
2080 1143 2232 1207 alibi
2279 1143 2421 1207 aliis
2464 1143 2857 1228 temporibus
2902 1163 3149 1228 quoque

711 1263 841 1326 fiet.
930 1262 1098 1327 Nam
1165 1262 1441 1347 spatium
1503 1266 1598 1325 est
1642 1261 1961 1324 infinitum
1980 1309 1996 1342 ,
2067 1261 2299 1324 diversi
2345 1261 2596 1345 generis
2643 1267 2997 1325 atomorum
3037 1281 3149 1323 nu-

710 1401 924 1444 merus
969 1401 1218 1466 quoque
1264 1379 1590 1461 infinitus,
1654 1385 1864 1442 motus
1908 1385 2263 1443 atomorum
2317 1385 2413 1442 est
2442 1384 2726 1443 aeterus:
2775 1398 2963 1462 erge,
3010 1399 3150 1441 cum

711 1499 973 1562 eaedem
1020 1519 1247 1562 causae
1293 1503 1528 1581 agant,
1576 1518 1705 1560 non
1748 1495 1853 1559 hic
1899 1502 1964 1560 et
2008 1517 2175 1560 nunc
2208 1496 2411 1560 solum
2443 1501 2540 1560 est
2569 1495 2883 1578 munduS,
2928 1516 3151 1559 verum

711 1617 862 1681 alibi
921 1622 986 1680 et
1043 1616 1185 1681 aliis
1229 1615 1622 1700 temporibus
1667 1635 1917 1700 quoque
1963 1613 2266 1697 fuerunt,
2314 1621 2504 1696 sunt,
2553 1620 2740 1678 erunt
2784 1613 3041 1696 mundi,
3086 1613 3152 1676 id

709 1741 808 1798 est
863 1753 1236 1817 congressus
1311 1739 1699 1814 atomorum,
1769 1730 1877 1817 qui
1923 1730 2260 1817 aliquando
2309 1731 2717 1814 oriebantur,
2765 1729 3152 1817 aliquamdiu

711 1850 976 1933 durant,
1025 1849 1296 1935 denique
1344 1848 1780 1912 dissolvuntur
1827 1854 1892 1911 et
1934 1848 2281 1912 intereunt.

798 1967 928 2032 Cur
997 1967 1189 2030 etiam
1252 1965 1587 2030 discrimen
1633 1971 1803 2028 esset
1844 1965 2016 2028 inter
2058 1965 2329 2028 mundos
2374 1970 2439 2028 et
2483 1964 2639 2028 alias
2683 1963 2959 2028 minores
3011 1984 3111 2026 res
3134 2011 3151 2045 ,

709 2107 865 2170 quas
940 2085 1229 2149 similiter
1295 2083 1685 2168 multiplices
1761 2103 1899 2146 esse
1921 2132 1937 2165 ,
1986 2081 2168 2165 oriri,
2217 2103 2387 2165 esse,
2447 2082 2709 2146 interire
2770 2082 3057 2145 videmus
3092 2081 3151 2163 ¹).

709 2204 893 2267 Haec
963 2203 1014 2266 si
1061 2222 1400 2288 compones
1447 2222 1592 2264 oum
1642 2200 1909 2285 Epicuri
1953 2200 2166 2263 verbis
2209 2201 2287 2264 D.
2338 2200 2412 2264 L.
2461 2200 2545 2264 X.
2596 2202 2697 2282 89,
2743 2199 2988 2263 videbis
3033 2198 3152 2261 Lu-

709 2321 976 2385 cretium
1017 2320 1183 2384 hanc
1231 2319 1581 2384 doctrinam
1617 2319 1830 2382 minus
1864 2319 2116 2403 copiose
2149 2318 2520 2404 exposuisse
2550 2339 2741 2402 quam
2771 2316 3147 2402 Epicurum:

709 2441 803 2503 ὅτι
850 2434 913 2503 δὲ
961 2443 1055 2503 καὶ
1103 2445 1375 2503 τοιοῦτοι
1428 2439 1653 2520 κόσμοι
1699 2441 1856 2502 εἶσῖν
1904 2437 2140 2521 ὅπειροι
2186 2439 2258 2502 τὸ
2290 2437 2543 2512 πλῆθος
2573 2437 2700 2502 ’ἐστι
2734 2433 3148 2521 καταλαβεῖν,

709 2559 806 2619 καὶ
877 2558 970 2618 ὅτι
1039 2558 1074 2619 ὁ
1135 2562 1424 2628 τοιοῦτος
1494 2550 1752 2618 δύναται
1824 2555 2062 2632 κόσμος
2130 2556 2418 2637 ’γίνεσθαι
2473 2556 2571 2618 καὶ
2617 2555 2682 2616 ἐν
2725 2555 3148 2635 μετακοσμίῳ,

711 2671 746 2737 ὃ
815 2670 1084 2756 λέγομεν
1152 2667 1378 2753 μεταξὺ
1447 2671 1699 2753 κόσμων
1769 2667 2109 2751 διάστημα,
2159 2675 2255 2735 καὶ
2303 2675 2369 2735 ἐν
2426 2669 2753 2755 πολυκένῳ
2798 2669 2973 2754 τόπῳ
3019 2667 3149 2750 (ubi

708 2790 902 2853 atomi
948 2810 1077 2851 non
1125 2794 1272 2853 sunt
1323 2808 1722 2873 compressae
1742 2837 1758 2870 ,
1805 2787 1897 2851 ita
1941 2794 2014 2850 ut
2064 2788 2265 2851 multa
2316 2788 2457 2851 loca
2513 2788 2729 2851 inania
2757 2787 3149 2873 relinquant;

709 2906 1103 2971 coniecturas
1165 2905 1478 2969 Gassendi
1549 2911 1805 2968 secutus
1865 2926 2042 2968 sum:
2112 2904 2249 2969 cod.
2313 2904 2493 2969 Leid.
2542 2911 2639 2970 καὶ
2688 2908 2753 2970 ἐν
2798 2906 3010 2990 κόσμῳ
3056 2908 3149 2969 καὶ

707 3052 892 3107 μετακ
941 3073 954 3087 .
991 3073 1003 3087 .
1041 3073 1053 3087 .
1087 3074 1102 3088 .
1149 3027 1215 3089 ἐν
1260 3023 1517 3104 πολυκ.)
1560 3027 1656 3088 καὶ
1706 3024 1821 3088 οὐκ
1866 3026 1932 3087 ἐν
1976 3020 2231 3108 μεγάλῳ
2259 3023 2568 3109 εἰλικρινεῖ
2602 3028 2696 3088 καὶ
2727 3027 2882 3108 κενῷ
2911 3021 3149 3104 (lectio-

709 3162 858 3204 nem
903 3139 1188 3205 codicum
1235 3138 1536 3222 defend03
1585 3139 1692 3203 alii
1741 3139 1977 3225 ἆκένῳι
2028 3159 2156 3202 non
2190 3138 2378 3204 credo
2412 3160 2555 3202 cum
2583 3139 2845 3224 Epicuri
2870 3138 3150 3203 doctrina

711 3257 1020 3322 eiusmodi
1059 3278 1294 3342 magna
1338 3258 1478 3321 loca
1519 3256 1737 3320 inania
1782 3256 2162 3319 convenire:
2212 3263 2522 3342 perpetuo
2561 3257 2755 3320 atomi
2788 3263 2852 3320 et
2880 3276 3150 3321 vacuum

709 3374 1057 3437 alternant:
1122 3374 1299 3457 largo
1344 3373 1455 3437 illo
1502 3379 1878 3471 atomorum·
1903 3372 2097 3436 fluvio
2144 3372 2410 3437 cadente
2454 3374 2596 3437 loca
2650 3394 2884 3458 magna
2936 3372 3152 3437 inania

709 3490 958 3554 admitti
1043 3510 1171 3554 non
1256 3496 1558 3575 possunt:
1630 3490 1869 3576 ubique
1937 3497 2083 3554 sunt
2150 3491 2345 3555 atomi
2414 3497 2477 3555 et
2543 3513 2859 3576 vacuum,
2928 3466 3003 3555 cf.
3074 3492 3107 3555 I
3134 3541 3150 3574 ,

709 3628 800 3670 VS.
877 3608 1040 3670 1008
1102 3608 1343 3692 seqq),
1414 3605 1690 3693 καθάπερ
1759 3612 1923 3683 τινές
1969 3625 2159 3693 φασιν
2172 3658 2190 3687 ,
2253 3607 2608 3686 ἐπιτηδείων
2653 3615 2849 3675 τινῶν
2892 3608 3155 3697 σπερμά-

707 3752 836 3789 των
877 3721 1157 3809 ῥυέντων
1202 3724 1308 3808 ἇφ’
1355 3725 1498 3797 ἑνὸς
1543 3723 1782 3806 κόσμου
1829 3723 2039 3806 (Lucr.
2086 3724 2139 3787 I.
2193 3726 2379 3807 1042)
2426 3724 2463 3801 ἢ
2506 3730 2921 3809 μετακοσμίου
2975 3725 3012 3801 ἢ
3056 3730 3154 3791 καὶ

709 3841 836 3906 ἀπὸ
911 3839 1229 3907 πλείονων
1302 3838 1454 3907 scara*
1524 3843 1746 3926 μικρὸν
1815 3845 2185 3928 προςθέσεις
2252 3871 2316 3908 τε
2398 3847 2496 3909 καὶ
2558 3839 2970 3929 διαρθρώσεις
3030 3846 3153 3921 (καὶ

776 4115 810 4175 1)
880 4115 1025 4165 Lucr.
1061 4114 1117 4176 Ι,
1157 4118 1276 4165 1021
1314 4132 1447 4181 seqq.
1485 4115 1578 4178 ΙΙ,
1619 4120 1741 4167 1048
1776 4133 1909 4182 seqq.
1947 4117 2023 4169 cf.
2061 4118 2127 4171 D.
2163 4117 2218 4168 L.
2252 4118 2336 4179 X,
2372 4121 2433 4168 45
2459 4155 2473 4179 ,
2498 4134 2625 4183 quae
2647 4118 2799 4169 verba
2818 4134 3017 4183 prorsus
3040 4133 3158 4167 cum

709 4208 932 4261 Lucretii
985 4210 1265 4261 concinunt.
1333 4211 1627 4261 Accuratius
1685 4212 1806 4261 Stob
1865 4211 1972 4263 Ecl.
2025 4212 2052 4262 Ι
2072 4250 2085 4274 ,
2150 4216 2276 4263 496:
2363 4213 2704 4278 Μητρόδωρος
2725 4254 2735 4272 ,
2782 4217 2808 4266 ὁ
2857 4216 3158 4280 καθηγητὴς

709 4307 1044 4370 Ἐπικούρου,
1104 4309 1256 4370 φησὶν
1315 4308 1518 4359 ἄτοπον
1572 4311 1699 4358 εἶναι
1747 4310 1803 4358 ἐν
1860 4310 2069 4375 μεγάλῳ
2110 4309 2263 4375 πεδίῳ
2305 4309 2395 4360 ἕνα
2438 4312 2639 4375 στάχυν
2686 4313 3031 4376 γεννηθῆναι,
3069 4314 3158 4361 καὶ

711 4398 802 4449 ἕνα
857 4400 1045 4465 κόσμον
1086 4402 1140 4450 ἐν
1182 4403 1254 4466 τῷ
1296 4402 1499 4465 ἀπείρῳ.
1557 4399 1674 4450 “Ort
1713 4400 1762 4451 δὲ
1803 4404 2010 4467 ἄπειρος
2054 4406 2186 4453 κατὰ
2228 4408 2285 4456 τὸ
2320 4406 2523 4465 πλῆθος
2560 4405 2721 4465 δῆλον
2759 4404 2813 4454 ἐκ
2854 4408 2941 4455 τοῦ
2968 4406 3157 4470 ἄπειρα

712 4498 777 4547 τὰ
829 4498 968 4546 αἴτια
1020 4499 1162 4545 εἶναι.
1228 4497 1286 4545 Εἰ
1337 4498 1432 4563 γὰρ
1488 4497 1514 4546 ὁ
1556 4499 1643 4562 μὲν
1684 4498 1871 4562 κόσμος
1912 4505 2321 4565 πεπερασμένος,
2356 4504 2419 4549 τὰ
2459 4500 2499 4551 δ’
2541 4505 2682 4552 αἴτια
2718 4502 2896 4552 πάντα
2931 4504 3157 4566 ἄπειρα,

711 4591 764 4646 ἐξ
798 4589 872 4641 ὧν
901 4590 982 4642 ὅδε
1019 4594 1045 4642 ὀ
1084 4593 1266 4656 κόσμος
1305 4591 1537 4657 γέγονεν,
1590 4591 1795 4658 ἀνάγκη
1833 4592 2077 4658 ἀπείρους
2116 4597 2255 4644 εἶναι.
2315 4592 2482 4644 “Onon
2521 4598 2621 4660 γὰρ
2664 4598 2729 4646 τὰ
2766 4599 2908 4647 αἴτια
2940 4594 3158 4661 πάντα,

711 4686 810 4735 ἐκεῖ
843 4687 930 4736 καὶ
964 4689 1027 4738 τὰ
1065 4687 1477 4752 ἀποτελέσματα.
1542 4690 1693 4739 Aina
1733 4688 1783 4739 δὲ
1824 4690 1938 4751 ἤτοι
1978 4692 2031 4740 αἱ
2058 4691 2237 4755 ἄτομοι
2276 4693 2310 4753 ἣ
2351 4694 2415 4742 τὰ
2453 4695 2691 4756 στοιχεῖα.
