3529 5359
1792 402 1912 463 116

627 599 794 686 ῧδωρ
861 603 1185 682 ὑποστὰν,
1253 601 1534 668 ἔκοῖλαυε
1599 606 1750 679 τοὺς
1821 605 2261 686 ὑποκειμένους
2319 607 2559 682 τόπους
2591 625 2607 641 ·
2676 607 2752 670 τὰ
2796 611 2907 688 μὲν
2954 605 3072 673 οὖν

627 720 966 803 κυριώτατα
1028 721 1178 804 μέρη
1224 725 1336 783 τοῦ
1387 721 1624 797 κόσμου
1670 721 1785 782 τὸν
1831 721 2074 804 τρόπον
2120 727 2347 785 τοῦτον
2392 720 2764 805 ἐγεννήθη”.
2839 721 3072 784 Miram

626 836 1106 900 similitudinem
1153 857 1288 900 esse
1333 835 1522 900 huius
1569 837 2045 919 cosmogonicae
2096 835 2539 921 descriptionis
2570 859 2713 900 cum
2744 838 3072 901 Lucretia-

623 954 722 1016 nis
783 954 1072 1017 versibus
1140 974 1328 1016 nemo
1397 973 1548 1016 sane
1615 953 1897 1036 negabit.
2011 952 2140 1016 Sed
2205 952 2635 1036 Plutarchus,
2705 955 2811 1039 qui
2877 955 3071 1038 vulgo

623 1071 882 1134 nomina
926 1076 1297 1151 auctorum,
1368 1091 1635 1156 quorum
1682 1069 1900 1133 laudat
1946 1070 2219 1154 placita,
2268 1070 2602 1152 adscribit,
2649 1070 2811 1134 hanc
2854 1071 3072 1135 lauda-

625 1187 818 1251 bilem
887 1187 1410 1251 consuetudinem
1470 1186 1576 1250 hic
1620 1187 1952 1270 neglexit,
2024 1209 2145 1272 quo
2193 1187 2263 1250 fit
2308 1193 2380 1250 ut
2428 1187 2705 1250 dubitari
2751 1188 2947 1272 possit
2992 1187 3071 1250 de

626 1303 1040 1390 philosophO,
1111 1304 1212 1368 cui
1280 1303 1656 1368 tribuendus
1725 1305 1807 1366 sit
1866 1304 1975 1366 ille
2022 1304 2216 1367 locuS.
2310 1304 2715 1389 Empedoclis
2760 1325 2897 1368 esse
2943 1326 3073 1368 non

625 1428 838 1508 potest
905 1443 1050 1486 cum
1117 1422 1332 1510 plures
1397 1421 1476 1485 ob
1523 1443 1743 1485 causas
1769 1470 1783 1496 ‚
1834 1427 1970 1484 tum
2026 1420 2105 1484 ob
2150 1421 2357 1503 hanc,
2405 1421 2573 1506 quod
2618 1422 2726 1485 ille
2773 1427 3073 1507 quattuor

630 1541 950 1604 elementa
1021 1562 1104 1603 ex
1171 1539 1503 1603 harmonia
1576 1537 1882 1624 sphaerae
1964 1539 2239 1623 primum
2316 1559 2571 1622 egressa
2648 1559 2783 1602 esse
2845 1544 3029 1624 putat
3055 1588 3071 1621 ,

625 1664 839 1722 noster
904 1658 1063 1721 illud
1131 1657 1319 1722 chaos
1381 1678 1786 1740 congressum
1848 1662 1913 1718 et
1959 1656 2209 1720 turbam
2257 1657 2540 1719 omnium
2587 1677 2894 1739 generum
2940 1662 3073 1720 ato-

625 1797 873 1839 morum
939 1776 1110 1839 facit.
1203 1775 1567 1838 Gassendus
1631 1774 1708 1837 de
1778 1780 2036 1838 auctore
2097 1773 2254 1836 nihil
2326 1774 2498 1836 dicit.
2589 1773 2940 1837 Reisacker
3003 1775 3070 1836 in

628 1898 900 1976 quaestt.
965 1892 1118 1954 lucr.
1182 1914 1244 1977 p.
1294 1894 1375 1955 29
1424 1897 1621 1990 totam
1668 1890 2157 1976 descriptionem
2205 1891 2284 1954 ad
2330 1898 2609 1955 mentem
2654 1891 2917 1977 Epicuri
2962 1913 3074 1955 ex-

629 2031 912 2094 pressam
981 2030 1116 2074 esse
1185 2015 1434 2072 tantum
1481 2009 1770 2073 affirmat.
1862 2008 2198 2072 Eduardus
2246 2008 2545 2072 Corsinus
2594 2008 2947 2086 (Plutarchi
2995 2008 3073 2072 de

629 2128 790 2212 plac.
861 2127 1014 2212 phil.
1079 2127 1225 2190 libri
1284 2127 1366 2190 V.
1436 2127 1801 2190 Florentiae
1875 2129 1949 2190 17
1958 2129 2060 2208 50)
2122 2126 2189 2205 in
2239 2126 2680 2190 dissertatione
2726 2127 2777 2190 I.
2826 2126 2905 2191 ad
2949 2125 3073 2190 hoc

635 2250 828 2329 caput
893 2244 1264 2308 annotavit:
1341 2244 1666 2328 „quamvis
1734 2241 2119 2307 Plutarchus
2178 2242 2282 2306 hic
2329 2243 2407 2306 ab
2451 2243 2744 2306 instituto
2788 2243 2920 2306 fere
2967 2242 3074 2306 de-

628 2362 899 2426 flectens
964 2362 1218 2426 unicam
1287 2362 1490 2425 solum
1558 2361 1637 2424 de
1696 2361 1925 2425 Mundi
1972 2361 2215 2444 origine
2284 2383 2356 2424 ac
2402 2361 2777 2425 formatione
2824 2366 3075 2424 senten-

625 2479 786 2542 tiam
877 2479 1262 2564 expresserit
1335 2479 1664 2563 ipsamque
1745 2477 2139 2542 dissimulato
2208 2479 2483 2542 auctoris
2549 2478 2806 2541 nomine
2874 2478 3077 2542 veluti

625 2597 950 2682 propriam
1017 2595 1458 2681 proposuerit,
1527 2591 1702 2657 illam
1772 2600 1986 2657 tamen
2052 2615 2179 2657 non
2240 2594 2459 2677 alteri,
2528 2615 2717 2681 quam
2762 2593 3075 2679 Epicuro,

629 2712 1111 2778 adscribendam
1189 2733 1324 2776 esse
1402 2712 1776 2795 observavi,
1852 2712 2043 2798 idque
2112 2713 2447 2797 perspicue
2517 2718 2652 2776 tum
2722 2718 3076 2776 atomorum

624 2833 911 2914 mentiO,
973 2832 1202 2918 quibus
1269 2831 1568 2894 universa
1611 2851 1826 2894 rerum
1874 2850 2211 2914 compages
2258 2835 2547 2893 constare
2596 2829 2867 2911 dicitur,
2935 2834 3075 2892 tum

627 2950 978 3034 figurarum
1024 2949 1300 3012 varietas
1327 2998 1343 3030 ,
1391 2969 1554 3033 quae
1601 2948 1828 3011 atomis
1874 2946 2283 3028 conceditur,
2333 2946 2855 3010 demonstraret”.
2901 2946 3077 3010 Huic

624 3066 900 3130 libenter
968 3065 1366 3129 assentimur.
1461 3064 1790 3138 Quatenus
1858 3062 2263 3148 Empedoclis
2327 3063 2621 3127 carminis
2667 3063 2937 3147 vestigia
2980 3062 3077 3125 in-

633 3184 970 3247 veniantur
1035 3188 1258 3268 postea
1321 3180 1654 3245 ostendere
1715 3180 1783 3242 in
1828 3180 2037 3244 animo
2086 3187 2199 3244 est.
2290 3181 2460 3244 Illud
2504 3181 2688 3244 nobis
2736 3181 2890 3244 satis
2935 3200 3079 3265 per-

631 3301 921 3385 spicuum
967 3299 1255 3380 videtur,
1301 3304 1375 3361 ut
1417 3298 1485 3360 in
1532 3298 1853 3379 omnibUS,
1903 3298 1991 3361 sic
2034 3298 2101 3388 in
2147 3297 2266 3361 hac
2315 3298 2737 3383 descriptione
2786 3318 3075 3383 quoque,

634 3418 689 3480 si
733 3438 869 3480 rem
916 3416 1210 3501 quidem,
1255 3437 1382 3478 non
1428 3415 1692 3478 formam
1741 3414 2353 3498 animadvertamuS,
2423 3415 2797 3479 Lucretium
2843 3414 3079 3500 Epicu-

632 3555 776 3598 rum
824 3540 1074 3597 tantum
1116 3533 1492 3617 magistrum
1539 3538 1829 3596 secutum
1876 3554 2033 3595 esse.
3020 3526 3027 3532 ’

715 3652 794 3715 In
859 3657 1233 3735 argumento
1293 3651 1439 3714 libri
1485 3650 1689 3735 quinti
1737 3648 2086 3713 enarrando
2132 3649 2469 3713 Lucretius
2515 3650 2711 3713 verba
2754 3671 2882 3713 non
2925 3648 3080 3712 fecit

631 3769 710 3833 de
779 3776 1089 3833 astrorum
1151 3769 1443 3832 motibus.
1537 3768 1650 3832 Vs.
1702 3771 1782 3831 76
1859 3775 2269 3854 „praeterea,
2339 3769 2578 3855 inquit,
2651 3770 2797 3833 solis
2858 3790 3079 3832 cursus

628 3887 948 3972 lunaeque
994 3892 1241 3949 meatus
1288 3886 1625 3971 expediam
1673 3906 1798 3971 qua
1841 3886 1906 3948 vi
1949 3886 2163 3949 flectat
2193 3892 2422 3949 natura
2452 3886 2854 3970 gubernans”
2887 3891 2952 3949 et
2982 3907 3075 3951 vs.

635 4007 668 4066 7
678 4006 758 4067 72
804 4002 923 4067 hac
970 4002 1256 4067 doctrina
1301 4004 1634 4088 exposita,
1688 4003 2064 4089 „quoniam,
2111 4003 2359 4089 inquit,
2406 4004 2623 4087 magni
2667 4025 2783 4088 per
2825 4003 3079 4067 caerula

633 4120 855 4183 mundi
925 4142 1048 4206 qua
1092 4120 1229 4183 fieri
1275 4120 1573 4206 quicquid
1619 4126 1831 4205 posset
1875 4121 2121 4183 ratione
2166 4120 2399 4184 resolvi
2462 4121 2869 4205 (explicavi),
2928 4120 3079 4183 solis

629 4238 726 4301 uti
791 4238 998 4301 varios
1055 4258 1273 4300 cursus
1317 4237 1632 4321 lunaeque
1677 4243 1927 4301 meatus
1973 4259 2233 4301 noscere
2281 4258 2609 4322 possemus
2660 4258 2823 4323 quae
2870 4236 2965 4300 vis
3012 4242 3079 4299 et

634 4376 824 4419 causa
869 4354 1066 4417 cieret
1091 4354 1150 4435 ,”
1199 4358 1347 4416 cett.
1439 4352 1624 4427 Quod
1667 4360 1882 4418 autem
1930 4354 2006 4417 de
2038 4354 2188 4418 solis
2232 4355 2547 4439 lunaeque
2586 4360 2763 4417 motu
2794 4354 3078 4417 dicturus

634 4477 811 4553 erat,
881 4469 950 4532 id
1017 4490 1266 4568 quoque
1313 4470 1391 4533 de
1438 4470 1620 4534 astris
1662 4470 1954 4554 intellegi
2001 4491 2149 4533 eum
2192 4470 2509 4552 voluisse,
2568 4470 2855 4533 videmus
2901 4490 2936 4533 e
2981 4490 3077 4533 vs,

635 4590 971 4669 614-50,
1019 4587 1329 4672 imprimis
1375 4608 1410 4651 e
1456 4609 1548 4650 vs.
1599 4590 1721 4652 623
1776 4594 2048 4674 „quanto
2095 4609 2383 4673 quaeque
2428 4588 2631 4671 magis
2678 4587 2805 4651 sint
2836 4592 3076 4651 terram

635 4704 840 4769 sidera
884 4705 1185 4789 propter’'
1241 4711 1390 4770 cett.
1439 4712 1629 4791 atque
1675 4727 1710 4769 e
1756 4728 1849 4769 vs.
1900 4709 2022 4769 643
2076 4711 2179 4787 „et
2222 4707 2467 4769 ratione
2512 4705 2651 4790 pari
2684 4706 2901 4769 lunam
2932 4706 3073 4769 stel-
