3529 5359
1585 373 1623 432 9

393 574 821 640 Silbenmaass
887 575 1038 640 oder
1109 577 1175 639 in
1243 575 1471 639 Reime
1528 572 1871 658 gebrachte
1919 572 2174 658 System
2221 571 2325 635 ein
2374 568 2649 634 Gedicht
2696 568 2831 632 sein

391 691 648 755 werde’'
682 695 742 768 ¹).

482 809 580 872 De
648 809 894 872 meritis
961 813 1175 872 autem
1242 806 1524 879 Lucretii
1569 803 2081 893 inphilosophia
2137 784 2403 890 'prorsus
2450 802 2831 866 dissentiunt

392 927 816 1008 recentiores,
887 926 995 1011 qui
1061 925 1180 990 hac
1241 924 1318 988 de
1364 946 1434 988 re
1480 924 1915 1004 disserebant,
1970 923 2163 986 docti.
2256 921 2417 986 Cum
2461 917 2830 984 Eichstaed-

392 1041 524 1104 tius
543 1037 590 1117 2)
659 1040 928 1105 affirmet
995 1040 1277 1104 Lucretii
1345 1060 1598 1104 carmen
1668 1038 1829 1102 nihil
1898 1038 2085 1102 aliud·
2142 1058 2277 1100 esse
2335 1057 2524 1121 quam
2568 1033 2829 1118 Epicuri

395 1128 744 1221 doctrinam
790 1158 1076 1221 versibus
1121 1157 1468 1239 redditam,
1531 1157 1821 1220 Ritterus
1852 1161 1900 1233 3)
1976 1161 2195 1219 contra
2265 1152 2589 1217 contendit
2632 1151 2833 1214 multa

393 1273 676 1336 Lucretii
725 1275 977 1359 propria
1021 1290 1178 1354 esse,
1225 1273 1452 1358 quibus
1483 1293 1549 1336 se
1595 1275 1821 1356 probet
1851 1270 2298 1356 philosophum
2331 1289 2537 1354 neque
2583 1273 2829 1330 tantum

394 1389 628 1454 Graeci
692 1390 1055 1477 philosophi
1100 1393 1516 1476 interpretem
1562 1410 1716 1454 esse.
1808 1390 2002 1453 Hunc
2060 1395 2275 1452 tamen
2322 1388 2605 1450 Zellerus
2649 1383 2833 1448 refel-

392 1505 527 1569 lere
588 1512 850 1569 conatur
871 1505 964 1588 4),
1011 1507 1113 1570 cui
1158 1527 1374 1570 rursus
1419 1507 1701 1590 Langius
1727 1503 1773 1584 5)
1822 1527 1950 1570 non
1995 1511 2203 1591 potest
2250 1502 2539 1567 assentiri
2586 1500 2833 1565 etiamsi

391 1623 777 1688 Bernhardii
804 1625 852 1707 ⁰)
920 1625 1284 1710 opinionem
1350 1625 1612 1688 minime
1657 1624 1877 1688 laudat
1922 1623 2271 1689 censentis:
2372 1620 2657 1707 „Epikur
2702 1618 2833 1681 und

393 1741 534 1805 sein
593 1741 876 1826 Anhang
939 1742 1146 1826 gaben
1191 1742 1402 1806 nichts
1447 1743 1540 1805 als
1585 1742 1686 1805 die
1735 1741 2157 1806 Grundlinien
2204 1741 2379 1804 einer
2423 1735 2833 1823 Naturphilo-

393 1857 680 1942 sophie.'’
729 1907 742 1921 .
793 1908 806 1921 .
844 1909 872 1954 .·
921 1859 1257 1922 Lucretius
1302 1860 1683 1924 unternahm
1727 1882 1860 1923 nun
1904 1860 2021 1923 mit
2064 1858 2253 1922 Kraft
2297 1857 2426 1921 und
2455 1855 2833 1938 Intelligenz

394 1973 604 2038 dieses
665 1975 916 2061 System
985 1977 1096 2041 der
1162 1977 1652 2043 mechanischen
1705 1979 1769 2042 N
1772 1984 1915 2042 atur
1958 1977 2401 2056 auszubauen,
2451 1972 2611 2037 doch
2655 1970 2834 2035 nicht

393 2113 509 2155 um
577 2092 687 2156 der
752 2094 1219 2158 Wissenschaft
1285 2117 1363 2158 zu
1431 2095 1705 2178 dienen,
1779 2095 2049 2160 sondern
2116 2115 2224 2158 um
2283 2093 2393 2156 das
2462 2090 2675 2154 Recht
2722 2089 2835 2152 der

393 2209 840 2294 personlichen
913 2211 1198 2276 Freiheit
1272 2212 1682 2298 unabhangig
1760 2234 1884 2276 van
1956 2210 2286 2295 religioser
2360 2209 2689 2273 Autoritat
2755 2228 2835 2269 zu

393 2331 628 2390 retten.
718 2328 938 2393 Daher
1005 2329 1190 2394 sucht
1258 2351 1327 2394 er
1396 2331 1517 2394 den
1585 2329 1932 2394 menschen
2002 2327 2197 2392 durch
2266 2324 2555 2391 Einsicht
2599 2325 2665 2386 in
2712 2323 2835 2387 den

394 2443 706 2527 Urgrund
772 2444 904 2509 und
967 2446 1078 2510 das
1139 2447 1385 2510 Wesen
1451 2447 1561 2511 der
1627 2449 1840 2531 Dinge
1901 2467 2024 2511 von
2092 2446 2250 2509 aller
2294 2442 2621 2507 Tradition
2647 2490 2663 2522 ,
2709 2461 2835 2504 von
2906 2465 2910 2469 ’

395 2559 905 2646 Gotterglauben
948 2564 1080 2628 und
1123 2550 1543 2629 Todesfurcht
1589 2587 1665 2628 zu
1709 2564 1994 2628 befreien
2038 2563 2169 2628 und
2213 2561 2329 2626 auf
2348 2561 2589 2644 ‘eigene
2634 2559 2835 2622 Fiisse

393 2700 479 2742 zu
547 2678 768 2743 stelle'n
799 2682 860 2763 ,”
937 2703 1099 2767 quae
1166 2683 1362 2747 verba
1429 2684 1674 2767 Langio
1743 2683 2041 2746 videntur
2108 2681 2374 2745 nimium
2437 2678 2641 2745 laudis
2708 2677 2836 2741 Lu-

396 2793 597 2858 cretio
643 2796 999 2861 adscribere
1032 2803 1095 2861 et
1126 2796 1388 2884 Epicuri
1418 2800 1645 2862 merita
1674 2799 1982 2862 minuere.
2018 2836 2097 2844 --
2151 2797 2278 2861 Sed
2306 2796 2481 2860 'haec
2527 2796 2654 2859 iam
2688 2792 2838 2857 satis

396 2916 587 2975 erunt
631 2918 705 2976 ut
750 2920 1053 3000 appareat
1097 2936 1226 2978 non
1271 2921 1508 2979 temere
1554 2937 1667 2979 nos
1698 2921 1922 3002 putare
1967 2915 2034 2977 in
2066 2920 2243 2978 tanta
2273 2912 2837 2976 eruditissimorum

393 3024 726 3092 hominum
763 3030 1139 3101 iudiciorum
1186 3031 1646 3117 discrepantia,
1717 3053 1950 3117 operae
1998 3053 2135 3095 esse
2182 3030 2534 3116 praemium
2578 3028 2838 3093 investi·

393 3164 584 3229 gare,
646 3167 808 3232 quae
876 3148 1002 3211 sint
1067 3148 1354 3212 Lucretii
1398 3149 1464 3211 in
1510 3148 1913 3235 philosophia
1956 3149 2183 3212 merita
2207 3197 2223 3229 ,
2290 3167 2444 3210 num
2490 3146 2838 3231 Epicurum

393 3266 646 3325 tantum
713 3264 1166 3349 interpretatus
1227 3266 1352 3348 sit,
1415 3288 1496 3329 an
1541 3265 1683 3330 aliis
1727 3288 1978 3352 quoque
2023 3263 2539 3352 philosophorum
2589 3262 2839 3347 scriptis

396 3378 714 3443 studuerit
761 3386 825 3443 et
871 3403 986 3445 sua
1030 3388 1286 3469 reperta
1330 3382 1667 3447 inseruerit
1699 3381 1764 3466 ⁷).

466 3598 504 3663 ¹)
574 3598 826 3661 Lessing's
875 3598 1084 3648 sammtl.
1133 3598 1270 3649 Schr.
1304 3600 1593 3664 herausgeg.
1629 3617 1728 3651 von
1761 3600 1963 3649 Lachm.
1999 3600 2103 3649 und
2134 3597 2397 3648 Maltzahn
2416 3634 2428 3657 ,
2466 3596 2564 3646 vol.
2596 3596 2643 3643 V
2661 3633 2673 3657 ,
2708 3612 2755 3659 p.
2794 3596 2837 3647 7.

465 3693 502 3752 ²)
573 3692 649 3743 cf.
687 3693 866 3743 Bernh.
905 3694 1117 3744 Grundr.
1154 3696 1240 3744 der
1271 3700 1392 3745 r‘dm.
1427 3695 1600 3746 Litter.
1623 3733 1635 3756 ,
1670 3713 1718 3759 p.
1755 3700 1867 3745 532.

462 3786 499 3843 ³)
569 3784 866 3835 Geschichte
899 3787 986 3835 der
1021 3786 1337 3850 Philosophia
1356 3824 1368 3846 ,
1407 3787 1503 3848 vol,
1540 3787 1615 3838 IV
1633 3825 1646 3848 ,
1681 3804 1794 3851 pag.
1831 3790 1907 3837 89.

463 3880 505 3943 ⁴)
575 3880 756 3940 Zener,
791 3880 870 3929 «fle
905 3880 1222 3944 Philosophia
1255 3882 1341 3931 ‹101-
1377 3882 1619 3931 eriechen
1652 3882 1771 3941 111,
1813 3887 1865 3942 1,
1904 3886 1954 3931 2.
1989 3868 2143 3942 Aufl.'‚
2183 3882 2215 3931 s
2250 3884 2360 3930 499.

463 3974 506 4035 ⁶)
575 3974 759 4023 Friedr.
794 3974 907 4023 Alb.
947 3976 1144 4039 Lange,
1180 3975 1360 4026 Gesch.
1396 3978 1480 4026 des
1517 3976 1690 4025 Mater.
1730 3980 1779 4024 3e
1814 3978 1947 4025 Aufl.
1968 4014 1981 4036 ‚
2015 3991 2127 4040 pag.
2172 3980 2273 4025 100.

463 4068 506 4133 ⁸)
577 4068 841 4118 Grundriss
886 4068 920 4117 1.
966 4069 1000 4117 1.
1021 4106 1034 4129 ‚
1083 4069 1198 4118 edit.
1243 4074 1270 4118 5
1292 4106 1305 4130 ,
1357 4070 1494 4122 1872.
1563 4070 1785 4133 Langius
1821 4070 1969 4119 aliam
2002 4070 2095 4120 sub
2128 4070 2283 4120 oculis
2313 4070 2544 4119 habuisse
2576 4068 2840 4119 editionem

395 4161 613 4213 videtur.

464 4258 510 4318 ⁷)
574 4258 819 4308 Versuum
865 4275 1093 4309 numeros
1149 4275 1325 4325 sequor
1378 4260 1819 4311 Lachmannianos.
1888 4261 2092 4324 Epicuri
2146 4261 2415 4311 doctrinam
2469 4252 2723 4309 hausimus
2778 4276 2840 4309 ex

395 4350 621 4417 epistolis
675 4352 781 4403 eius
821 4353 952 4416 apud
996 4353 1144 4417 Diog.
1188 4355 1348 4404 Laert.
1382 4354 1492 4404 libr.
1532 4356 1584 4404 X
1621 4355 1791 4417 (editio
1826 4355 2012 4414 Cobeti)
2049 4362 2099 4405 et
2131 4356 2259 4405 Voll.
2298 4356 2497 4406 Hercul.
2533 4356 2581 4404 N
2584 4370 2689 4417 eap.
2725 4353 2839 4405 edit.

395 4448 562 4512 priore
593 4452 643 4497 et
675 4448 828 4497 altera
859 4448 1144 4499 collectione
1160 4486 1172 4508 ,
1227 4466 1253 4499 e
1289 4437 1439 4499 sexto
1475 4450 1726 4514 Empirico
1741 4488 1753 4511 ,
1791 4452 2000 4501 Stobaeo
2019 4489 2031 4512 ,
2069 4452 2334 4501 Plutarcho
2367 4450 2574 4514 aliisque
2608 4450 2807 4501 Graecis
2827 4487 2839 4511 ,

397 4557 428 4591 ο
461 4538 657 4604 0111111110
703 4541 950 4592 Ciceronis
983 4542 1042 4592 de
1076 4543 1286 4592 Finibus
1323 4544 1417 4607 (ed.
1453 4544 1758 4608 Madvigius)
1794 4546 1854 4594 de
1886 4545 1935 4593 N
1937 4549 2079 4595 atura
2110 4547 2311 4596 deorum
2345 4546 2514 4603 (edidit
2548 4545 2842 4595 Schoeman-

397 4633 536 4694 nius)
569 4634 774 4701 aliisque
789 4672 802 4697 ,
836 4652 962 4701 quae
993 4636 1176 4700 passim
1209 4636 1532 4686 laudabimus.
