3529 5359
1544 329 1628 393 45

350 529 633 596 iniectus
663 533 701 616 1)
744 531 882 596 fieri
926 551 1150 618 posse,
1203 532 1461 618 „procul
1504 531 1684 596 avius
1728 533 1941 596 erras”
1964 581 1981 616 ‚
2026 554 2177 597 nam
2212 533 2527 598 coloribus
2568 534 2651 600 ad
2680 557 2814 600 cor-

351 671 514 735 pora
581 648 992 737 percipienda
1054 671 1184 714 11011
1250 671 1408 736 opus
1475 655 1590 714 est.
1683 649 1941 714 Colores
2008 658 2321 736 perpetuo
2389 652 2499 716 alii
2543 653 2610 716 in
2656 653 2813 717 alios

350 773 733 852 mutantur3
779 774 845 831 at
888 767 1083 832 atomi
1127 774 1274 831 sunt
1317 767 1746 831 immutabiles
1772 817 1788 850 ,
1836 789 1988 853 ergo
2034 768 2351 834 coloribus
2390 791 2518 834 non
2549 777 2814 856 possunt

356 905 500 950 esse
585 885 932 972 praeditae.
1059 879 1407 949 Praeterea
1481 891 1846 972 „nequeunt
1906 886 2042 950 sine
2112 886 2255 950 luce
2328 887 2571 952 colores
2638 909 2774 953 esse
2795 939 2811 972 ,

354 1023 574 1089 neque
639 1003 706 1066 in
774 1003 982 1066 lucem
1050 1001 1336 1066 existunt
1387 1001 1732 1088 primordia
1777 1003 2077 1066 rerum'’:
2151 1024 2304 1088 ergo
2377 1005 2619 1068 colores
2684 1028 2814 1070 non

354 1119 622 1184 habent.
715 1118 884 1194 Quid
950 1125 1165 1184 autem
1231 1119 1372 1204 ipsa
1427 1119 1542 1182 lux
1611 1120 1734 1202 sit,
1802 1142 1957 1184 num
2026 1141 2103 1186 ea
2158 1141 2409 1206 quoque
2458 1142 2541 1185 ex
2586 1123 2812 1187 atomis

357 1242 644 1320 constet,
689 1235 1026 1301 Lucretius
1069 1256 1197 1300 non
1240 1242 1550 1300 memorat
1593 1257 1803 1322 neque
1850 1235 2018 1322 quod
2062 1236 2355 1301 novimus
2388 1287 2405 1320 ‚
2474 1237 2807 1323 Epicurus.

358 1353 540 1417 Stob.
611 1353 748 1417 Ecl.
815 1354 868 1417 I.
917 1354 1082 1417 336:
1175 1354 1553 1439 Ἐπίκουρος
1623 1359 1719 1420 καὶ
1768 1354 2199 1441 Ἀρίσταρχος
2243 1354 2318 1420 τά
2364 1357 2431 1420 ἐν
2474 1361 2563 1442 τῷ
2608 1360 2811 1444 σκότῳ

358 1475 654 1557 χρήματα
701 1471 910 1558 χρόαν
955 1471 1070 1536 οὐκ·
1113 1470 1280 1557 ἔχειν
1328 1473 1603 1557 (φατόν).

445 1587 753 1651 Pluribus
797 1587 1096 1652 adhibitis
1140 1587 1535 1672 argumentis
1579 1586 1752 1650 idem
1800 1587 2208 1653 demonstrat.
2278 1589 2535 1654 Colores
2582 1596 2656 1655 ut
2687 1590 2812 1656 alia

358 1725 698 1791 corporum
743 1705 1110 1770 accedentia
1129 1755 1145 1788 ,
1211 1726 1248 1769 e
1308 1705 1484 1770 vario
1532 1704 1750 1769 ordine
1798 1711 1864 1768 et
1909 1706 2045 1770 loco
2090 1712 2445 1772 atomorum
2489 1709 2831 1792 oriuntur:

361 1823 416 1886 si
462 1823 770 1887 ordinem.
795 1829 1148 1905 mutamus,
1195 1823 1367 1887 color
1409 1843 1660 1909 quoque
1704 1827 1989 1886 mutatur
2016 1825 2090 1907 2).

448 1940 652 2004 Porro
719 1963 848 2004 non
917 1941 1119 2005 solum
1187 1941 1427 2004 colores
1493 1963 1622 2004 non
1674 1939 1914 2004 habent
1958 1940 2302 2026 primordia
2344 1963 2568 2007 verum
2617 1943 2809 2008 etiam

361 2058 528 2122 aliae
577 2059 955 2144 qualitateS,
1025 2057 1230 2140 color,
1296 2056 1496 2142 frigus
1522 2106 1538 2139 ,
1608 2056 1760 2120 odor
1778 2106 1794 2139 ,
1852 2078 2037 2142 sapor
2061 2107 2077 2140 ,
2126 2058 2368 2122 sonitus
2411 2060 2490 2122 iis
2536 2060 2806 2124 desunt:

360 2175 524 2241 haec
595 2177 763 2240 enim
831 2176 1042 2240 omnia
1105 2181 1252 2239 sunt
1317 2174 1648 2238 mutabilia
1715 2181 1794 2238 et·
1847 2174 2011 2240 hanc
2068 2175 2147 2239 ob
2195 2197 2451 2240 causam
2496 2179 2809 2243 mortalia.

362 2294 544 2368 Quae
593 2295 646 2358 si
691 2294 917 2358 atomis
961 2294 1410 2376 tribueremus,
1459 2292 1797 2356 mutabiles
1844 2313 1951 2356 eas
1978 2292 2387 2358 redderemus
2414 2344 2430 2377 ,
2466 2315 2617 2378 ergo
2646 2317 2809 2360 mor·

361 2412 526 2476 tales
572 2433 822 2498 quoque
849 2461 865 2494 ,
912 2432 1036 2497 quo
1081 2411 1262 2475 fieret
1310 2417 1381 2473 ut
1426 2410 1507 2474 ad
1551 2410 1752 2473 nilum
1797 2409 2082 2474 funditus
2129 2410 2340 2474 omnia
2383 2411 2665 2476 redirent
2698 2411 2767 2491 ³).

451 2529 684 2594 Omnia
725 2530 923 2614 igitur
948 2579 964 2612 ,
1012 2549 1173 2615 quae
1220 2535 1407 2610 sunt,
1454 2527 1621 2592 facta
1666 2548 1804 2591 esse
1852 2549 1887 2590 e
1912 2526 2310 2612 primordiis,
2359 2551 2525 2616 quae
2557 2536 2814 2616 praeter

361 2647 870 2733 magnitudinem
896 2698 912 2731 ,
983 2647 1402 2733 gravitatem,
1471 2645 1772 2729 formam,
1828 2646 2068 2710 nullam
2112 2645 2391 2712 habeant
2440 2649 2824 2734 qualitatem,

363 2786 619 2849 earum,
687 2786 849 2853 quae
918 2787 1003 2830 ex
1060 2765 1138 2828 iis
1200 2770 1488 2829 constent
1532 2786 1744 2828 rerum
1771 2814 1787 2847 ,
1857 2765 2205 2829 secundum
2250 2766 2603 2852 Epicurum
2645 2768 2805 2833 ratio

362 2904 476 2947 nos
556 2883 778 2948 docet:
857 2903 1075 2947 omnes
1150 2881 1575 2965 mutationes,
1650 2886 1745 2945 tot
1812 2887 2069 2969 tamque
2140 2882 2530 2947 diversarum
2595 2905 2808 2948 rerum

364 3129 622 3194 ἐπιβολὴν
666 3128 1059 3193 λαμβανόμενον
1101 3131 1166 3193 τῇ
1212 3127 1420 3193 διανοίᾳ.
1485 3125 1664 3191 Itaque
1696 3124 1953 3189 paullatim
1977 3125 2137 3175 ideam
2161 3125 2242 3175 vel
2263 3125 2513 3176 notionem
2537 3131 2811 3177 atomorum

363 3223 642 3287 accepimus
665 3260 678 3285 ‚
747 3239 873 3289 quae
921 3222 1063 3274 nobis
1111 3239 1245 3272 nunc
1295 3238 1486 3284 semper
1531 3226 1727 3285 praesto
1798 3225 1873 3271 est
1922 3236 2093 3271 vocem
2128 3220 2281 3271 atomi
2314 3220 2606 3271 dicentibus.
2675 3222 2809 3286 Ergo

365 3320 677 3369 scribendum
747 3334 852 3368 esse
923 3334 1127 3368 censeo:
1193 3316 1325 3378 αὕτη
1379 3316 1419 3365 δ’
1442 3318 1472 3377 ἡ
1533 3318 1672 3381 φωνὴ
1743 3315 1967 3381 (scilicit:
2037 3314 2249 3380 atomus)
2323 3318 2523 3367 τούτων
2597 3318 2811 3369 πάντων

363 3415 811 3480 μνημονευομένων
875 3414 938 3473 (h.
991 3430 1031 3466 e.
1065 3412 1292 3463 omm'bus
1311 3449 1324 3473 ,
1371 3428 1496 3477 quae
1529 3414 1589 3461 de
1621 3411 1683 3461 iis
1705 3410 2123 3475 praedicavimus,
2149 3410 2491 3476 qualitatibus)
2518 3412 2613 3462 τὸν
2638 3415 2813 3464 ἱκανὸν

366 3511 535 3561 τύπον
593 3514 735 3574 (quae
791 3524 903 3557 cum
958 3506 1136 3557 emissa
1192 3522 1312 3556 voce
1366 3504 1616 3569 convenit)
1665 3505 1955 3569 ὑποβάλλει
2000 3508 2065 3570 τῇ
2098 3510 2191 3564 τῆς
2236 3510 2339 3555 τῶν
2372 3506 2577 3569 ἀτόμων
2620 3506 2813 3570 φύσεως

367 3602 583 3670 ἐπινοίᾳ.
647 3602 878 3667 Plerique
927 3603 1063 3653 codd.
1117 3601 1341 3651 scribunt
1389 3602 1639 3659 ἐπινοίαις
1679 3616 1769 3663 pro
1816 3602 2077 3659 ἐπινοίαςτ
2116 3601 2175 3649 de
2210 3605 2314 3650 τῶν
2350 3600 2517 3650 ὄντων
2558 3606 2725 3650 autem
2757 3600 2813 3650 in

363 3698 458 3750 hoc
490 3715 626 3749 nexu
658 3715 815 3749 sermo
848 3714 952 3749 esse
985 3714 1085 3747 non
1116 3701 1294 3761 potest.

432 3794 476 3855 ¹)
540 3793 624 3843 Vs.
659 3794 764 3845 740.
830 3791 942 3842 Vox
974 3790 1131 3841 latina
1161 3806 1251 3854 pro
1283 3788 1488 3853 Epicuri
1521 3788 1781 3853 ἐπιβολὴ.4

429 3890 468 3950 2)
535 3888 654 3938 Plut
707 3885 843 3938 adv(
877 3888 1032 3938 Colot.
1092 3889 1152 3938 7:
1205 3885 1451 3949 Epicurus
1483 3886 1625 3934 docet
1657 3883 1841 3933 colores
1873 3899 1973 3932 non
2008 3898 2114 3933 esse
2147 3887 2382 3947 ,,συμφυῆ
2427 3888 2536 3941 τοῖς
2586 3884 2813 3948 σώμασιν

365 3989 508 4038 ἀλλὰ
546 3988 828 4052 γεννᾶσθαι
872 3986 1002 4034 κατὰ
1049 3984 1202 4041 ποιάς
1241 4001 1385 4040 τινας
1425 3979 1590 4038 τάξεις
1623 3980 1708 4029 καὶ
1746 3978 1901 4035 δέσεις
1938 3978 2073 4042 πρὸς
2115 3979 2214 4037 τὴν
2258 3977 2431 4043 ὄψιν”.

429 4084 473 4147 ³)
539 4082 620 4134 Vs.
644 4084 752 4131 842.
802 4080 860 4131 D.
903 4080 961 4129 L.
1007 4078 1082 4139 X,
1121 4082 1215 4128 44:
1260 4080 1381 4142 φησί
1424 4077 1464 4127 δ’
1511 4076 1752 4141 ἐνδοτέρω
1792 4074 1913 4139 μηδὲ
1953 4073 2207 4133 ποιότητά
2251 4092 2369 4123 τινα
2416 4074 2533 4138 περὶ
2568 4076 2660 4132 τὰς
2691 4074 2809 4123 ἀτό-

365 4197 493 4244 μους
541 4180 669 4228 εἶναι
704 4178 847 4237 πλὴν
899 4175 1160 4241 σχῆματος
1209 4176 1292 4225 καὶ
1335 4174 1576 4240 μεγέθους
1614 4174 1697 4222 καὶ
1741 4169 1957 4234 βάρους.
2006 4173 2100 4218 54:
2146 4172 2235 4227 τὰς
2276 4169 2503 4233 ἀτόμους
2541 4168 2811 4233 νομιστέον

366 4275 612 4340 μηδεμίαν
672 4276 922 4333 ποιότητα
988 4276 1094 4321 τῶν
1156 4271 1472 4335 φαινομένων
1529 4267 1903 4333 προσφέρεσθαι
1960 4268 2108 4323 πλὴν
2164 4265 2435 4330 σχήματος
2492 4264 2578 4313 καὶ
2616 4262 2812 4327 βάρους

367 4372 452 4421 καὶ
497 4369 738 4434 μεγέθους
780 4370 862 4417 καὶ
900 4369 994 4419 ὅσα
1032 4367 1081 4423 ἐξ
1121 4364 1359 4431 α’νάγκης
1407 4366 1634 4430 σχήματι
1673 4366 1872 4428 συμφυῆ
1913 4359 2019 4412 ἐστί
2043 4398 2054 4411 .
2080 4364 2294 4420 ποιότης
2335 4362 2433 4425 γὰρ
2470 4361 2616 4411 πᾶσα
2661 4376 2811 4422 μετα-

365 4464 582 4529 βάλλει,
627 4468 680 4517 αἱ
735 4464 776 4514 δ’
802 4466 980 4528 ἄτομοι
1030 4463 1178 4514 οὐδὲν
1233 4459 1676 4527 μεταβάλλουσιν,
1740 4456 2011 4519 ἐπειδήπερ
2066 4456 2136 4507 δεῖ
2191 4476 2239 4505 τι
2280 4452 2551 4519 ὑπομένειν
2604 4454 2659 4502 ἐν
2697 4457 2813 4512 ταῖς

367 4560 627 4613 διαλύσεσι
687 4566 790 4611 τῶν
864 4560 1176 4625 συγκρίσεων
1239 4558 1446 4622 στερεὸν
1494 4557 1578 4606 καὶ
1613 4551 1921 4625 ἀδιάλυτον,
1970 4553 1998 4600 ὃ
2041 4554 2132 4611 τὰς
2178 4550 2471 4615 μεταβολὰς
2506 4551 2599 4600 οὐκ
2636 4548 2705 4607 εἰς
2752 4552 2811 4601 τὸ

367 4658 434 4721 μὴ
467 4654 528 4707 ὃν
567 4656 835 4715 ποιήσεται
874 4654 978 4704 οὐδ’
1021 4655 1075 4703 ἐκ
1117 4656 1204 4704 τοῦ
1245 4654 1314 4715 μὴ
1351 4653 1519 4709 ὄντος.
