3529 5359
1814 388 1937 452 102

661 590 858 655 verba
879 590 1196 674 magistri,
1223 590 1372 672 etsi,
1396 610 1541 653 cum
1566 609 1795 672 graves
1817 609 1921 654 res
1943 589 2264 654 interdum
2290 591 2607 673 omiserit,
2634 612 2778 656 cum
2802 592 3105 676 magistro

661 730 790 772 non
821 729 1071 793 semper
1096 707 1451 772 consentire
1475 707 1746 770 videtur.
1801 707 1997 772 Suam
2028 708 2199 772 viam
2223 730 2548 794 nunquam
2575 710 2719 773 iniit
2745 759 2761 792 ,
2808 710 2933 773 nisi
2956 731 3105 795 qua-

663 829 848 888 tenus
872 830 1205 910 poetarum
1227 822 1415 887 modo
1444 822 1794 887 doctrinam
1820 824 2135 908 exposuit.
2169 824 2312 888 Hoc
2336 824 2505 890 idem
2534 846 2568 888 e
2593 824 2719 889 fine
2742 824 2931 888 huius
2961 825 3104 889 libri

661 943 840 1027 sequi
885 941 1157 1006 videtur.
1219 940 1508 1005 Primum
1563 939 1640 1004 de
1687 962 1907 1025 somno
1953 942 2116 1025 agit,
2164 942 2393 1007 deinde
2442 942 2519 1006 de
2567 945 2809 1007 semine
2858 949 2922 1007 et
2967 943 3103 1007 aliis

661 1061 852 1124 rebus
897 1059 978 1124 ad
1021 1079 1325 1123 venerem
1369 1059 1857 1144 pertinentibus
1950 1059 2055 1122 Ex
2099 1061 2177 1124 D.
2213 1061 2289 1125 L.
2336 1061 2421 1124 X.
2458 1063 2538 1125 66
2571 1068 2787 1125 autem
2817 1061 3102 1125 videmus

661 1176 1012 1262 Epicurum
1103 1174 1376 1239 eundem
1461 1174 1746 1239 ordinem
1838 1181 2127 1240 secutum
2204 1196 2361 1240 esse.
2474 1176 2837 1262 Explicatio
2905 1177 3100 1240 somni

663 1293 886 1358 eadem
954 1299 1050 1357 est
1115 1298 1306 1379 atque
1369 1291 1540 1378 apud
1598 1297 1873 1378 poetam.
1966 1293 2311 1358 Praeterea
2380 1295 2704 1378 Diogenes
2774 1294 2851 1357 de
2918 1295 3100 1358 rebus

660 1411 952 1476 venereis
996 1409 1156 1474 haee
1188 1415 1436 1473 tantum
1465 1409 1693 1473 refert:
1740 1412 1817 1473 τό
1862 1439 1925 1475 τε
1971 1413 2210 1495 σπέρμα
2256 1411 2362 1496 ἀφ’
2410 1415 2585 1477 ὅλων
2629 1415 2757 1476 τῶν
2804 1410 3100 1492 σωμάτων

663 1532 993 1615 φέρεσθαι,
1041 1528 1417 1614 quibuscum
1464 1527 1751 1591 conferas
1796 1527 1915 1591 IV.
1969 1529 2126 1591 1041
2180 1548 2350 1614 seqq.
2422 1528 2703 1592 Aliunde
2749 1535 2965 1592 tamen
3010 1534 3100 1592 est

660 1646 1070 1732 perspicuum
1135 1644 1299 1708 hanc
1344 1645 1631 1709 Lucretii
1680 1644 2033 1708 doctrinam
2080 1666 2163 1710 ex
2209 1646 2514 1731 Epicuri,
2587 1647 2695 1732 qui
2756 1646 3099 1710 Democriti

659 1763 936 1845 vestigia
1002 1761 1345 1847 presserit,
1415 1762 1665 1854 scriptis
1733 1767 2051 1847 sumptam
2120 1781 2278 1825 esse.
2371 1761 2465 1826 Of.
2512 1763 2683 1826 enim
2728 1762 2846 1826 IV.
2900 1764 3096 1825 1229:

668 1900 958 1965 „semper
1015 1879 1186 1942 enim
1232 1885 1453 1964 partus
1501 1879 1738 1964 duplici
1786 1877 1863 1942 de
1912 1879 2154 1943 861111116
2202 1881 2490 1943 constat”
2538 1900 2683 1943 cum
2727 1880 2899 1943 Plut.
2946 1880 3099 1965 plac.

661 1997 744 2061 V.
793 2018 929 2082 cap.
995 1998 1076 2060 5:
1155 1999 1631 2083 υΠυθαγόρας,
1698 1996 2127 2078 Ἐπίκουρος,
2204 1999 2598 2081 Δημόκριτος
2674 2001 2771 2062 καὶ
2825 2025 2898 2061 το
2941 1997 3102 2072 «θῆλυ

661 2110 999 2199 προΐεσθαι
1047 2111 1351 2198 σπέρμα.”
1427 2111 1542 2176 Vs.
1596 2115 1802 2176 1230:
1857 2117 2085 2198 „atque
2130 2113 2259 2176 utri
2304 2113 2569 2176 similest
2611 2113 2816 2197 magis
2848 2113 2913 2176 id
2941 2113 3105 2200 quod

662 2251 933 2317 cumque
979 2236 1270 2312 creatur,
1320 2229 1457 2294 eius
1501 2229 1696 2294 habet
1741 2230 1885 2315 plus
1930 2235 2111 2315 parte
2158 2251 2402 2316 aequa,
2450 2230 2619 2316 quod
2664 2252 2923 2295 cernere
2968 2253 3103 2317 pos-

663 2347 785 2430 818,
855 2347 996 2432 sive
1048 2347 1258 2410 virum
1319 2347 1572 2410 suboles
1635 2348 1830 2411 sivest
1888 2346 2220 2410 muliebris
2266 2347 2507 2430 orig0.”
2598 2348 2770 2411 Plut.
2817 2348 2976 2433 plac.
3021 2347 3103 2411 V.

665 2465 744 2526 7:
813 2464 1253 2548 „Amerinam-rog·
1321 2461 1396 2528 ra*
1457 2467 1569 2545 μὲν
1632 2461 1808 2527 κοινὰ
1869 2466 2019 2548 μέρη
2088 2461 2153 2538 ἐξ
2201 2467 2509 2550 ὁποτέρου
2556 2464 2633 2529 ἂν
2678 2467 2892 2551 τύχῃ,
2937 2461 3011 2530 τά
3057 2462 3117 2530 δ’

663 2585 681 2647 i
726 2579 984 2656 (ἄξοντα
1076 2584 1173 2646 καὶ
1263 2578 1391 2644 κατ’
1471 2577 1918 2664 ἐπικράτειαν”.
2031 2579 2245 2643 Huius
2318 2580 2544 2666 capitis
2613 2581 2940 2666 inscriptio
3015 2587 3111 2644 est

662 2698 862 2762 haec:
931 2702 1107 2779 »πῶς
1167 2696 1404 2783 (ἴῤῥενα
1449 2701 1731 2783 γίνεται,
1806 2702 1899 2762 καὶ
1948 2696 2213 2773 emsa&
2304 2698 2418 2762 VS.
2472 2700 2677 2762 1278:
2731 2699 2907 2782 „Nec
2953 2698 3110 2763 divi-

663 2817 834 2881 nitus
878 2817 1048 2881 inter
1097 2815 1248 2879 dum
1291 2814 1694 2901 Venerisque
1739 2814 1989 2899 sagittis
2037 2815 2350 2880 deteriore
2396 2816 2468 2879 fit
2510 2821 2583 2880 ut
2627 2816 2828 2881 forma
2856 2817 3111 2880 mulier-

663 2934 808 2999 cula
851 2933 1164 2998 ametur'’.
1253 2932 1334 2997 D.
1366 2932 1442 2996 L.
1489 2930 1569 2995 X.
1623 2934 1783 2996 118:
1837 2930 2017 3014 »οὐδὲ
2063 2936 2465 3017 θεόπεμπτον
2511 2936 2665 3001 εἶναι
2710 2936 2824 3000 τὸν
2869 2935 3063 3020 ἐ’ρωτα
3090 2986 3109 3013 ,

664 3052 753 3126 ὡς
823 3054 1135 3137 Διογένης
1203 3052 1268 3115 ἐν
1335 3054 1423 3136 τῷ
1490 3046 1809 3135 δωδεκάτῳ
1879 3049 2113 3134 φησῖν”
2149 3051 2215 3132 ¹).
2306 3050 2607 3115 Ceterum
2667 3057 2895 3137 poetae
2964 3056 3111 3114 sunt

661 3166 857 3251 haec,
911 3167 1020 3253 qui
1067 3187 1212 3231 cum
1259 3166 1482 3230 ardore
1529 3165 1803 3252 quodam
1847 3164 2211 3253 philosophi
2259 3166 2643 3251 doctrinam,
2688 3168 2756 3231 in
2802 3166 3110 3231 eiusmodi

662 3284 854 3348 rebus
888 3305 1139 3371 quoque
1158 3334 1174 3367 ,
1231 3283 1417 3370 quale
1450 3289 1546 3347 est
1575 3282 1696 3349 hoc
1715 3334 1732 3367 ,
1785 3282 1948 3347 nihil
1978 3304 2115 3348 esse
2146 3291 2401 3369 praeter
2427 3306 2702 3350 vacuum
2732 3292 2975 3350 atomos
3007 3307 3109 3350 ea-

659 3423 930 3488 rumque
997 3409 1250 3484 motus,
1323 3388 1667 3483 defendat,
1726 3400 2025 3465 defendat
2093 3408 2309 3466 tamen
2367 3403 2497 3485 ita,
2566 3409 2639 3466 ut
2682 3401 3109 3487 pulcritudine

662 3521 963 3585 orationis
1006 3520 1281 3604 legentis
1327 3518 1653 3583 fastidium
1701 3525 1977 3605 superet.
2037 3520 2211 3583 Num
2258 3520 2452 3583 etiam
2497 3526 2759 3606 poetae,
2820 3522 2929 3606 qui
2972 3520 3109 3605 ipse

661 3639 968 3703 amatorio
1014 3638 1240 3724 poculo
1285 3637 1353 3700 in
1397 3637 1675 3702 furorem
1719 3657 1983 3719 versuS,
2031 3657 2146 3722 per
2187 3637 2529 3700 intervalla
2557 3638 2839 3701 insaniae
2871 3638 3109 3722 aliquot

656 3757 853 3821 libros
923 3756 1418 3841 conscripserit?
1507 3754 1782 3819 Difficile
1843 3755 1965 3818 erit
2010 3776 2095 3819 ex
2138 3753 2313 3818 hisce
2357 3756 2645 3819 versibus
2692 3776 2912 3819 eruere
2957 3776 3110 3818 non-

659 3874 865 3937 nullos
891 3922 907 3955 ,
955 3873 1065 3959 qui
1109 3872 1175 3935 id
1221 3872 1592 3935 confirmare
1638 3872 1916 3955 possint,
1963 3893 2110 3935 nam
2159 3870 2235 3934 de
2290 3872 2420 3935 suis
2464 3871 2655 3935 rebus
2686 3871 2845 3935 nihil
2874 3872 3109 3935 immis-

661 3991 793 4056 cuit
839 3996 1068 4076 poeta:
1119 3995 1265 4053 sunt
1297 3990 1510 4075 potius
1535 3989 1839 4075 sapientis
1862 3988 2020 4072 viri,
2068 3990 2177 4075 qui
2200 3989 2488 4053 homines
2512 3995 2729 4053 monet
2768 4010 2848 4052 116
2880 3990 3111 4053 amoris

658 4108 979 4173 illecebris
1045 4108 1378 4194 capiantur
1402 4158 1418 4191 ,
1489 4114 1601 4172 aut
1655 4109 1850 4173 etiam
1919 4110 2088 4195 capti
2135 4131 2280 4173 cum
2327 4115 2511 4194 sunt,
2558 4115 2631 4173 ut
2677 4109 2985 4193 effugiant
3014 4112 3108 4193 2);

664 4366 1030 4374 ———-—————-

726 4519 765 4583 ¹)
841 4518 940 4568 Hic
977 4518 1224 4583 Diogenes
1258 4524 1334 4568 est
1367 4517 1638 4582 discipulus
1676 4518 1884 4582 Epicuri
1922 4520 2009 4585 qui
2044 4520 2225 4585 scripta
2246 4521 2486 4572 nonnulla
2508 4521 2733 4585 magistri
2755 4521 2909 4572 edidit
2925 4523 3009 4572 vel
3024 4540 3116 4573 ex-

659 4614 866 4678 cerpsit:
902 4614 1153 4678 superius:
1187 4616 1255 4673 ὡς
1289 4615 1530 4679 Διογένης
1564 4616 1619 4665 ἐν
1653 4619 1720 4681 τῇ
1753 4615 1969 4683 ἐπιτομῇ
2005 4621 2107 4667 τῶν
2138 4618 2447 4682 Ἐπικούρου
2483 4619 2673 4678 ἠθικῶν
2708 4616 2989 4684 δογμάτων.

727 4710 768 4776 ²)
837 4706 923 4760 Vs.
965 4714 1087 4759 1144
1121 4726 1258 4775 seqq.
