3529 5359
1655 376 1733 438 73

463 573 781 660 Epicurus
847 577 1014 641 inter
1080 599 1308 663 corpus
1375 584 1439 642 et
1501 579 1785 642 animum
1844 597 1980 642 esse
2029 576 2342 660 decrevit,
2411 577 2677 664 quisque
2724 577 2910 641 facile

463 691 727 757 videbit.
818 692 1032 758 Huius
1098 694 1336 758 vinculi
1403 699 1696 758 naturam
1762 700 1979 758 autem
2024 693 2285 758 uberius
2328 693 2502 757 hisce
2547 693 2759 757 verbis
2806 691 2913 756 de-

461 810 719 896 scripsit
784 811 1142 897 Epicurus:
1213 811 1482 893 (animus
1550 818 1735 875 extra
1792 832 2017 896 corpus
2064 833 2285 875 sensus
2328 831 2456 874 non
2500 810 2766 893 habet),
2836 810 2912 875 οὗ

464 928 592 1014 ’γὰρ
662 929 803 994 οἷόν
861 958 923 994 τε
971 938 1141 995 νοεῖν
1188 931 1384 1006 αὐτὴν
1445 933 1910 1010 αἰσθανομένην
1954 932 2037 1012 μὴ
2085 932 2149 994 ἐν
2195 932 2395 1014 τούτῳ
2439 933 2527 1015 τῷ
2573 930 2914 1009 συστήματι

465 1053 604 1124 ταῖς
649 1050 921 1120 κινήσεσι
965 1048 1217 1124 ταΰταις
1264 1053 1636 1131 χρωμένην,
1683 1049 1837 1110 ὅταν
1882 1047 1956 1110 τὰ
1989 1045 2380 1130 στεγάζοντα
2412 1049 2508 1110 καὶ
2543 1045 2708 1130 περιέ
2714 1068 2913 1128 χοντα

463 1163 548 1242 μὴ
592 1163 822 1227 τοιαῦτ’
865 1162 904 1249 ᾗ
948 1166 1014 1228 ἐν
1060 1163 1160 1238 οἷς
1210 1168 1325 1228 νῦν
1373 1161 1534 1227 οὖσα
1581 1163 1706 1248 ἔχει
1751 1165 1982 1238 ταύτας
2025 1163 2142 1238 τὰς
2192 1165 2460 1237 κινήσεις
2494 1162 2579 1244 ¹),
2626 1159 2705 1223 ad
2751 1177 2913 1243 quae

463 1279 662 1342 verba
707 1279 900 1344 etiam
945 1279 1261 1344 referendi
1305 1285 1453 1343 sunt
1498 1301 1618 1343 vss.
1662 1280 1982 1343 613—32.
2061 1277 2422 1343 Secundum
2453 1277 2803 1363 Epicurum
2849 1281 2915 1339 et

466 1395 846 1482 discipulum
911 1397 1284 1461 Lucretium
1351 1418 1503 1482 ergo
1569 1397 1818 1461 animus
1878 1417 2105 1460 revera
2166 1402 2263 1459 est
2307 1401 2512 1459 totum
2558 1393 2874 1480 quoddam
2894 1443 2912 1476 ,

463 1513 577 1577 sed
645 1519 884 1593 totum,
931 1513 1096 1599 quod
1142 1514 1380 1578 factum
1427 1520 1523 1578 est
1569 1534 1653 1578 ex
1695 1513 2002 1578 materiae
2048 1513 2275 1577 atomis
2322 1518 2387 1577 et
2431 1511 2596 1576 hanc
2643 1511 2721 1576 ob
2768 1533 2914 1577 cau-

461 1653 598 1696 sam
643 1632 864 1696 interit
907 1632 960 1695 si
1005 1631 1070 1695 in
1116 1638 1328 1717 partes
1372 1631 1686 1716 frangitur
1731 1638 1797 1696 et
1843 1631 2177 1714 dividitur3
2232 1652 2377 1695 cum
2422 1636 2637 1695 autem
2681 1629 2910 1694 radici-

460 1747 582 1812 bus
600 1797 616 1830 ,
683 1753 1005 1834 tamquam
1051 1748 1236 1812 arbor
1281 1748 1349 1810 in
1394 1753 1604 1831 terra,
1666 1769 1813 1812 cum
1858 1769 2118 1834 corpore
2166 1749 2247 1811 sit
2293 1754 2629 1812 concretus
2673 1753 2738 1810 et
2781 1768 2913 1811 una

463 1886 613 1929 cum
673 1886 931 1952 corpore
971 1871 1282 1950 augeatur
1327 1872 1392 1929 et
1438 1865 1881 1949 deminuatur,
1954 1872 2283 1952 rumpatur
2328 1872 2394 1930 et
2440 1865 2757 1930 dividatur
2802 1885 2912 1930 ne-

463 2004 641 2048 cesse
685 1989 822 2060 est,
869 2005 1014 2048 cum
1060 2005 1095 2048 e
1129 2005 1389 2070 corpore
1419 1984 1555 2047 exit
1585 1982 1657 2068 ²).
1749 1983 1912 2048 Cum
1942 1991 2160 2048 autem
2188 1985 2281 2048 ita
2310 1990 2662 2067 censerent,
2700 2003 2907 2070 neque

462 2098 892 2184 Pythagoreis
958 2121 1167 2186 neque
1233 2101 1522 2164 Platonis
1592 2100 1915 2186 discipulis
1961 2101 2470 2164 assentiebantur
2515 2121 2723 2187 neque
2768 2100 2914 2164 reli-

461 2215 610 2302 quis
633 2266 650 2299 ,
697 2217 806 2303 qui
867 2217 1158 2281 similiter
1201 2217 1486 2282 animum
1531 2223 1738 2282 totum
1784 2217 2102 2304 quoddam
2146 2239 2283 2282 esse
2328 2217 2757 2300 affirmabant,
2804 2217 2916 2281 sed

461 2354 505 2397 a
551 2334 854 2398 materiae
913 2341 1144 2399 natura
1185 2356 1444 2421 prorsus
1488 2335 1802 2418 alienum,
1870 2335 1963 2399 ita
2005 2341 2078 2399 ut
2121 2356 2238 2421 per
2282 2357 2381 2418 se,
2451 2336 2587 2398 sine
2634 2335 2915 2421 corporis

461 2451 706 2515 auxilio
731 2500 747 2533 ,
817 2473 954 2516 esse
1023 2458 1088 2516 et
1154 2472 1344 2537 agere
1414 2458 1627 2538 posset
1695 2458 1760 2516 et
1827 2473 2051 2517 revera
2118 2458 2266 2516 ante
2319 2451 2643 2516 hominem
2688 2458 2913 2517 natum

461 2567 688 2632 fuisset
755 2575 819 2633 et
882 2575 1025 2654 post
1091 2576 1412 2634 mortuum
1480 2591 1596 2655 per
1640 2591 1706 2633 se
1753 2570 2003 2634 futurus
2051 2576 2218 2634 esset
2244 2619 2261 2653 ,
2329 2591 2472 2634 cum
2518 2570 2915 2634 nascentium

463 2686 717 2772 corpori
759 2685 1040 2771 perfecto
1085 2688 1336 2772 integer
1381 2688 1808 2752 insinuaretur
1855 2693 1920 2751 et
1949 2694 2347 2752 mortuorum
2378 2708 2609 2773 corpus
2636 2688 2915 2753 intactus

461 2801 874 2888 relinqueret.
920 2802 1173 2867 Horum
1203 2809 1582 2887 argumenta
1614 2809 1679 2867 et
1703 2809 1902 2869 totam
1928 2803 2279 2868 doctrinam
2310 2825 2455 2868 cum
2484 2803 2674 2867 nimis
2706 2809 2918 2867 essent

463 2917 758 3003 subtilia,
805 2920 1025 3004 magni
1060 2920 1398 2986 aestimare
1435 2921 1546 2984 vix
1573 2926 1904 3006 poterant,
1953 2942 2147 3006 quare
2174 2921 2243 2985 in
2271 2921 2653 2985 refutatione
2683 2942 2811 2984 non
2836 2919 2919 2984 ad

464 3035 722 3100 illorum
765 3037 1088 3103 doctrinae
1133 3038 1446 3124 principia
1473 3037 1836 3122 redierunt,
1887 3039 2000 3103 sed
2029 3062 2068 3103 a
2098 3039 2229 3104 suis
2260 3038 2589 3125 principiis
2617 3038 2915 3125 profecti,

468 3173 537 3218 se
585 3174 726 3218 eam
769 3154 955 3219 facile
1000 3177 1374 3242 oppugnare
1419 3178 1606 3243 posse
1652 3158 2013 3224 credebant.
2105 3158 2380 3223 Omnino
2427 3179 2573 3222 cum
2619 3158 2742 3224 arti
2788 3157 2918 3223 dia-

467 3271 732 3335 lecticae
800 3294 1058 3358 operam
1125 3275 1368 3339 nullam
1413 3252 1638 3340 darent
1683 3276 2029 3362 Epicurei,
2096 3276 2164 3341 in
2210 3298 2335 3362 qua
2378 3282 2595 3340 tamen
2640 3282 2777 3341 arte
2821 3297 2918 3340 ar-

470 3394 778 3472 gumenta
834 3390 1123 3455 Platonis
1183 3392 1446 3478 eiusque
1493 3392 1745 3458 scholae
1790 3395 2072 3459 maxime
2116 3394 2488 3458 nitebantur
2506 3443 2523 3477 ,
2591 3414 2918 3479 nunquam

469 3504 1000 3571 Academicorum
1067 3515 1444 3593 argumenta
1509 3516 1657 3595 apte
1702 3511 2092 3575 refellerunt.
2186 3510 2282 3575 Eo
2326 3511 2531 3595 magis
2576 3516 2792 3576 tamen
2838 3510 2919 3574 ad

468 3621 649 3707 vulgi
696 3624 1026 3709 opiniones
1072 3631 1137 3689 et
1184 3647 1429 3691 errores
1476 3628 1905 3693 confirmanda
1950 3634 2061 3692 aut
2108 3628 2542 3714 oppugnanda
2587 3648 2654 3693 se
2701 3634 2918 3692 contu-

469 3739 684 3803 lerunt
713 3789 729 3822 ,
793 3762 919 3828 qua
962 3742 1031 3805 in
1075 3763 1146 3807 re
1190 3744 1529 3809 Lucretius
1574 3767 1826 3833 quoque
1872 3746 2140 3810 docilem
2189 3766 2257 3810 se
2302 3746 2597 3833 praebuit
2631 3745 2918 3831 magistri

472 3855 872 3942 discipulum.

555 3973 796 4039 Anima
841 3982 906 4039 et
952 3976 1201 4041 animus
1247 3978 1439 4043 etiam
1485 3979 1538 4043 si
1581 3979 1823 4068 intacta
1868 4001 2093 4067 corpus
2136 3962 2377 4046 intrant
2422 3986 2636 4046 tamen
2680 3979 2747 4043 in
2775 3999 2917 4067 per·
2975 3996 2979 4000 ·

468 4093 785 4157 manando
832 4115 949 4179 per
993 4096 1280 4161 membra
1325 4096 1797 4183 dissolvuntur,
1851 4099 2039 4181 „dum
2085 4100 2265 4185 quasi
2308 4121 2424 4186 per
2454 4099 2667 4164 caulas
2698 4120 2917 4164 omnes

471 4207 774 4273 diduntur
838 4212 906 4275 in
950 4218 1125 4277 artus
1169 4214 1560 4300 particulae,
1629 4216 1860 4302 quibus
1906 4215 2066 4281 haec
2113 4216 2310 4281 animi
2354 4214 2583 4281 natura
2628 4222 2880 4282 creatur
2898 4266 2915 4300 ,

534 4426 574 4487 1)
641 4426 706 4477 D.
741 4428 800 4478 L.
835 4429 900 4479 X.
935 4432 1014 4479 66.
1050 4429 1169 4481 eod.
1203 4430 1376 4481 Leid.:
1431 4432 1562 4485 αὐτὸ
1597 4430 1979 4497 αἰσθανόμενον
2010 4435 2079 4497 μὴ
2113 4434 2169 4483 ἐν
2202 4434 2368 4499 τούτῳ
2392 4437 2464 4500 τῷ·
2496 4432 2782 4499 συστήματι
2804 4438 2919 4492 ταῖς

472 4524 692 4583 κινήσεσι
726 4524 943 4584 ταύταις
975 4528 1250 4591 χρώμενον.
1288 4527 1431 4588 Cob.,
1468 4528 1757 4593 Menagium
1782 4534 2005 4589 secutus,
2041 4530 2124 4580 καὶ
2150 4535 2263 4588 ταῖς
2287 4550 2381 4580 ειν.
2402 4566 2415 4590 ,
2451 4545 2549 4595 qua
2571 4528 2918 4580 coniunctione

471 4629 592 4679 opus
623 4634 728 4669 esse
761 4636 861 4669 non
893 4621 1069 4671 video:
1106 4623 1377 4671 secundum
1411 4623 1688 4686 Epicurum
1721 4623 2008 4689 compositio
2039 4630 2205 4677 motus
2238 4626 2403 4677 efficit.

531 4710 574 4776 ⁸)
641 4716 929 4777 578—612,
966 4720 1237 4767 632-668.
2198 4758 2224 4773 ,.
2257 4732 2342 4799 ‘fz-
2365 4703 2384 4759 ἶ
2414 4700 2476 4750 Ῑ“·-
2544 4741 2551 4766 ,
2586 4737 2589 4748 -
