3529 5359
1570 385 1685 446 141

402 585 830 650 defenduntur
874 592 939 650 et
984 586 1073 651 sic
1096 587 1294 651 vitam
1320 607 1573 651 servare
1604 591 1870 671 possunt
1896 586 1961 668 ¹).
1998 625 2079 632 —
2111 586 2279 651 Mira
2308 591 2405 650 est
2435 586 2854 670 congruentia

400 701 592 767 huius
658 704 780 767 loci
847 725 991 768 cum
1035 710 1289 768 nostrae
1337 704 1568 768 aetatis
1612 703 1896 767 virorum
1945 702 2275 770 doctorum
2320 703 2611 788 placitis:
2684 703 2853 788 quod

401 819 594 884 hodie
661 820 1010 884 innumeris
1068 820 1666 905 investigationibus
1713 825 1779 884 et
1826 820 2284 905 experimentis
2327 820 2665 905 probatum
2711 840 2850 886 esse

401 938 690 1022 videtur,
737 940 815 1004 ab
861 939 1140 1025 antiquis
1184 939 1312 1002 iam
1344 937 1740 1024 philosophis
1770 937 2033 1002 rationis
2066 938 2198 1001 solo
2228 937 2470 1002 auxilio
2504 939 2610 1003 vel
2638 938 2851 1025 potius

400 1057 642 1120 intuitu
720 1056 994 1143 quodam
1060 1056 1396 1141 perspicue
1459 1054 1846 1120 tradebatur.
1938 1054 2255 1140 Epicurus
2324 1055 2404 1119 ad
2472 1055 2851 1144 Pythoclem

403 1173 654 1259 scripsit
675 1175 740 1257 2);
788 1173 960 1239 ἀλλά
1004 1175 1130 1254 μὴν
1174 1172 1578 1249 ὑποληπτέον
1625 1177 1723 1238 καὶ
1774 1175 1889 1248 τὴν
1936 1174 2125 1258 φύσιν
2171 1171 2394 1238 πολλά
2439 1178 2535 1238 καὶ
2582 1183 2849 1240 παντοῖα

402 1293 526 1356 ὑπὸ
593 1296 720 1356 τῶν
787 1293 993 1356 αὐτῶν
1035 1290 1428 1376 πραγμάτων
1475 1286 1851 1376 διδαχθῆναι
1894 1317 1958 1354 τε
2006 1293 2103 1354 καὶ
2151 1289 2625 1376 ἀναγκασθῆναι
2672 1311 2689 1326 ·
2735 1293 2849 1358 τὸν

403 1406 466 1475 δὲ
512 1408 830 1495 λογισμὸν
874 1409 949 1474 τὰ
995 1409 1118 1473 ὑπὸ
1165 1411 1396 1484 ταύτης
1440 1409 1957 1493 παρεγγυηθέντα
2004 1411 2102 1473 καὶ
2152 1409 2414 1494 ὕστερον
2462 1407 2851 1495 ἐπακριβοῦν

403 1531 498 1592 καὶ
545 1525 1078 1612 προςεὲευρῖσκειυ
1126 1573 1139 1587 .
1188 1523 1593 1588 Pedetentim
1638 1523 2045 1609 progreditur
2089 1530 2357 1588 natura:
2406 1525 2573 1610 quod
2617 1524 2851 1610 imper-

400 1643 637 1707 fectum
696 1649 762 1707 et
831 1642 1038 1706 debile
1109 1647 1205 1705 est
1267 1662 1342 1705 eo
1387 1641 1525 1726 ipso
1574 1640 1802 1704 durare
1847 1661 1975 1704 non
2020 1646 2273 1725 potest,
2342 1661 2507 1727 quae
2550 1642 2739 1705 fortia
2784 1647 2849 1706 et

399 1760 682 1846 perfecta
725 1759 1185 1845 quodammodo
1233 1764 1422 1841 sunt,
1468 1764 1771 1822 manent:
1823 1763 1959 1822 tum
2010 1757 2289 1822 hominis
2332 1759 2495 1824 ratio
2540 1765 2806 1824 naturae
2832 1809 2849 1843 ,

401 1900 564 1965 quae
609 1898 843 1962 magna
889 1883 1012 1942 stat
1057 1877 1348 1964 praedita
1394 1877 1616 1961 culpa,
1651 1872 1698 1954 3)
1747 1876 1990 1939 auxilio
2036 1876 2234 1940 venit.
2618 1865 2621 1868 ’

489 1995 678 2060 Omni
723 2002 1010 2081 tempore
1053 2000 1282 2080 poetae
1328 1995 1623 2058 lubenter
1671 1993 2103 2079 depinxerunt
2139 1993 2490 2078 primorum
2518 1992 2849 2058 hominum

401 2114 600 2178 vitam
625 2163 642 2196 ,
691 2134 886 2199 quam
928 2112 1218 2194 beatam,
1267 2111 1560 2177 omnibus
1607 2111 1775 2174 curis
1821 2117 2159 2195 expertem
2184 2160 2202 2194 ,
2252 2110 2613 2174 laudabant.
2663 2110 2850 2176 Eius·

400 2229 572 2294 modi
625 2251 820 2294 aurea
873 2250 1035 2315 quae
1084 2229 1317 2292 dicitur
1367 2233 1545 2292 aetas
1600 2228 1667 2290 in
1722 2227 1987 2313 Epicuri
2014 2227 2363 2292 doctrinam
2386 2248 2512 2291 non
2537 2227 2848 2312 quadrat,

402 2355 476 2412 ut
518 2349 702 2414 facile
749 2348 1016 2434 quisque
1061 2346 1423 2430 intellegit3
1471 2345 1582 2409 sed
1629 2351 1845 2409 tamen
1880 2345 2217 2409 Lucretius
2250 2366 2562 2409 summam
2592 2367 2851 2431 operam

401 2466 756 2552 impendit,
803 2472 875 2528 ut
920 2465 1192 2551 primam
1246 2469 1524 2527 aetatem
1555 2484 1638 2526 ex
1670 2462 1937 2548 Epicuri
1960 2468 2173 2527 mente
2197 2463 2416 2548 pulcre
2444 2462 2848 2527 describeret.

402 2583 564 2648 Cum
608 2603 822 2648 amore
843 2633 859 2666 ,
906 2588 978 2646 ut
1021 2583 1114 2646 ita
1159 2581 1363 2646 dicam
1389 2631 1405 2664 ‚
1452 2581 1721 2644 aliorum
1750 2586 2090 2666 poetarum
2121 2581 2419 2666 exemplo
2452 2581 2812 2644 stimulatus
2834 2629 2851 2664 ,

402 2708 740 2787 sequentes
801 2722 1022 2765 versus
1085 2700 1355 2786 scripsit.
1446 2699 1618 2773 Quos
1663 2706 1737 2763 ut
1782 2699 2011 2763 melius
2058 2720 2201 2763 cum
2246 2699 2511 2785 Epicuri
2563 2699 2850 2763 doctrina

402 2820 685 2885 conferas
713 2824 1029 2905 poetaque
1057 2818 1286 2882 merita
1316 2838 1618 2901 agnoscas
1636 2867 1652 2900 ,
1698 2816 1986 2901 magistri
2019 2816 2543 2902 descriptionem,
2592 2817 2846 2902 qualem

401 2938 716 3002 Diodorus
764 2938 1014 3001 Siculus
1061 2958 1200 2999 eam
1246 2936 1442 2999 refert
1467 2940 1548 3017 ,4)
1574 2926 1584 2935 ’
1610 2935 2113 3019 praemittemus.
2204 2938 2370 3010 Τοὺς
2417 2932 2478 3001 δὲ
2526 2934 2593 3009 ἐξ
2638 2937 2845 3021 ἀρχῆς

400 3059 821 3143 γεννηθέντας
867 3062 993 3121 τῶν
1039 3056 1398 3139 ἀνθρώπων
1444 3058 1636 3139 φασὶν
1684 3056 1749 3118 ἐν
1781 3054 2024 3139 ἀτάκτῳ
2058 3056 2155 3117 καὶ
2188 3050 2476 3139 θηριώδει
2504 3050 2634 3138 βίῳ
2665 3058 2842 3118 καθε-

402 3178 684 3251 στῶτας,
749 3155 1079 3255 σποράδην
1123 3175 1242 3240 Δἐπὶ
1304 3171 1419 3245 τὰς
1467 3171 1668 3248 νομὰς
1713 3167 1933 3243 ἐξιέναι
1977 3174 2073 3233 καὶ
2120 3173 2580 3255 προςφέρεσθαι
2626 3179 2737 3248 τῆς
2781 3197 2844 3235 τε

399 3286 686 3374 βοτάνης
735 3289 852 3364 τὴν
894 3287 1409 3373 προςηνεστᾶτην
1455 3292 1551 3351 καὶ
1599 3290 1750 3361 τοὺς
1798 3288 2189 3379 αὐτομάτους
2235 3288 2361 3351 ἀπὸ
2393 3292 2521 3351 τῶν
2569 3284 2844 3371 δένδρων

401 3408 680 3491 καρπούς
709 3451 722 3465 .
755 3408 850 3469 καὶ
896 3403 1408 3485 πολεμουμένους
1450 3406 1562 3485 μὲν
1594 3404 1716 3467 ὑπὸ
1748 3410 1875 3469 τῶν
1908 3406 2185 3489 θηρίων,
2221 3402 2539 3479 ἀλλήλοις
2570 3400 2845 3488 βοηθεῖν

400 3523 530 3587 ὑπὸ
553 3527 666 3585 τοῦ
700 3524 1130 3606 συμφέροντος
1162 3517 1644 3601 διδασκομένους
1661 3568 1678 3598 ,
1705 3520 2205 3606 ἀθροιζομένους
2232 3518 2294 3586 δὲ
2321 3518 2419 3586 διὰ
2448 3522 2562 3585 τὸν
2588 3519 2843 3607 φόβον,

402 3638 825 3725 ἐπιγινώσκειν
872 3640 932 3702 ἐκ
968 3618 1088 3702 ’τοῦ
1135 3636 1285 3701 scara*
1327 3639 1548 3722 μικρὸν
1578 3641 1726 3711 τοὺς
1757 3636 2077 3713 ἀλλήλων
2110 3641 2350 3713 τύπους
2382 3684 2395 3698 .
2432 3684 2446 3699 .
2485 3687 2498 3701 .
2545 3641 2693 3713 τοὺς
2728 3636 2844 3703 οὖν

402 3756 691 3839 πρώτους
721 3760 849 3819 τῶν
881 3755 1260 3840 ἀνθρώπων,
1292 3752 1558 3835 μηδενὸς
1589 3760 1716 3820 τῶν
1741 3756 1907 3840 πρὸς
1936 3752 2097 3840 βίον
2117 3759 2447 3840 χρησίμων
2473 3756 2841 3840 εὑρημένον,

403 3871 712 3948 ἐπιπόνως
781 3869 1050 3959 διάγειν,
1111 3875 1393 3959 γυμνοὺς
1451 3876 1563 3953 μὲν
1624 3874 1889 3951 ἐσθῆτος
1951 3873 2177 3947 ὄντας,
2258 3875 2560 3947 οἰκήσεως
2616 3868 2679 3937 δὲ
2746 3876 2843 3937 καὶ

401 3990 604 4074 πυρὸς
648 3991 890 4068 ἀήθεις,
941 4000 1179 4075 τροφῆς
1228 3986 1512 4074 δ’ἡμέρου
1556 3988 1885 4068 παντελῶς
1932 3989 2353 4063 ἀνεννοήτους
2387 4038 2399 4051 .
2433 3992 2530 4053 καὶ
2574 3986 2697 4073 γάρ
2728 3990 2843 4064 τὴν

403 4103 788 4191 συγκομιδὴν
839 4115 950 4185 τῆς
996 4105 1228 4191 ἀγρίας
1272 4115 1510 4191 τροφῆς
1557 4107 2001 4191 ἀγνοοῦντας,
2068 4102 2368 4189 μηδεμίαν
2412 4108 2539 4169 τῶν
2585 4110 2844 4189 καρπῶν

466 4354 500 4418 ¹)
568 4353 655 4405 Vs.
692 4356 931 4405 855—77.
1000 4352 1074 4403 Hi
1105 4370 1276 4404 versus
1294 4390 1308 4414 ,
1343 4354 1398 4402 ni
1430 4353 1651 4403 fallimur
1666 4390 1678 4414 ,
1714 4358 1827 4417 post
1860 4357 2146 4417 sequentem
2178 4351 2434 4415 periodum
2456 4349 2671 4414 ponendi
2696 4354 2814 4400 sunt
2828 4386 2842 4413 ,

401 4464 463 4498 ne
497 4466 680 4499 nexum
711 4449 1087 4512 interrumpant.

465 4543 502 4602 ²)
568 4544 634 4593 D.
670 4544 728 4595 L.
767 4542 817 4591 X
835 4580 850 4605 ‚
887 4544 964 4596 75.

464 4639 500 4699 ⁸)
565 4639 628 4690 V.
668 4642 759 4689 195
794 4655 928 4704 seqq.

463 4733 504 4801 ⁴)
573 4733 684 4785 Lib.
721 4734 780 4797 1,
815 4750 922 4799 cap.
957 4736 986 4783 8
