3529 5359
1821 323 1905 388 34

635 548 778 591 mus
845 526 926 591 ad
988 525 1150 590 illud
1199 525 1512 612 „spatium
1565 525 1797 589 omne”
1846 546 1883 589 e
1926 545 2019 589 νε.
2070 527 2238 607 955,
2288 527 2369 589 56
2416 530 2607 612 atque
2653 525 2825 590 idem
2870 526 3091 612 opina-

635 668 780 712 mur
824 666 961 709 esse
1007 650 1198 730 atque
1251 665 1474 726 „omne
1521 643 1690 730 quod
1735 649 1832 707 est
1878 643 2195 729 spatium''
2246 665 2280 706 e
2324 665 2417 707 νε.
2469 647 2613 708 969.
2704 645 2873 708 Nam
2919 645 3093 731 quod

636 763 717 828 ad
783 762 1280 848 maqnitudinem
1346 761 1621 844 attinet,
1693 761 2062 824 universum
2127 761 2261 824 sive
2309 782 2556 848 summa
2602 763 2781 845 (963)
2829 784 2945 848 par
2992 769 3091 827 est

636 879 840 965 spatio
866 929 882 962 ,
929 879 1229 943 materies
1277 877 1412 942 sive
1459 878 1655 942 atomi
1694 889 1959 941 'numero
2007 884 2103 941 est
2150 877 2435 942 infinita:
2500 884 2565 942 at
2610 879 2769 942 illud
2814 879 3091 964 spatium

635 996 762 1060 alia
826 1017 896 1060 re
961 995 1129 1059 finiri
1173 1017 1301 1058 non
1349 1001 1558 1081 potest
1606 997 1723 1077 (νε.
1774 997 1893 1058 961
1946 1001 2017 1058 ut
2060 995 2352 1059 videatur
2398 997 2631 1082 seqq.),
2678 1017 2827 1062 nam
2872 997 3044 1060 locus
3072 1046 3089 1080 ‚

637 1133 828 1199 quem
888 1117 1228 1197 occuparet
1295 1111 1454 1175 haec
1513 1132 1615 1174 res
1642 1161 1658 1194 ,
1704 1133 1853 1196 pars
1898 1117 2065 1175 esset
2109 1112 2303 1175 totius
2350 1112 2581 1197 spatii:
2656 1119 2840 1178 extra
2886 1118 3092 1176 totum

637 1231 913 1316 spatium
961 1237 1299 1309 (summam
1347 1230 1469 1293 963
1519 1250 1692 1292 omne
1742 1231 1933 1305 1001)
1982 1228 2143 1292 nihil
2191 1236 2306 1292 est.
2400 1229 2647 1293 Eodem
2693 1230 2882 1306 modo
2927 1251 3093 1315 quae

637 1354 989 1433 sequuntur
1057 1347 1363 1432 explicari
1427 1352 1710 1432 possunt.
1804 1347 2058 1411 Munroi
2103 1348 2548 1433 interpretatio
2600 1350 2686 1434 (p.
2737 1351 2889 1432 398)
2944 1349 3093 1430 „the

637 1460 978 1549 reasoning
1047 1465 1366 1528 therefore
1440 1466 1536 1547 is,
1613 1465 1915 1549 granting
1990 1465 2085 1529 for
2153 1466 2265 1529 the
2317 1473 2606 1530 moment
2662 1487 2850 1552 space
2896 1473 2961 1530 to
3011 1467 3095 1530 be

638 1582 816 1646 finite
838 1631 854 1664 ,
922 1588 1034 1666 yet
1099 1603 1264 1646 none
1325 1581 1434 1645 the
1494 1583 1620 1645 less
1679 1581 1791 1646 the
1854 1584 2114 1666 general
2183 1584 2547 1648 conclusion
2620 1584 2750 1647 will
2821 1584 2902 1647 be
2947 1590 3093 1647 true

637 1699 776 1764 that
844 1699 954 1764 the
1023 1720 1208 1764 omne
1256 1699 1310 1762 is
1354 1699 1643 1763 infinite''
1673 1749 1689 1782 ,
1759 1701 1870 1786 qui
1918 1700 2171 1764 defendi
2217 1701 2419 1786 possit
2463 1722 2591 1764 non
2642 1701 2852 1765 video.
2943 1700 3095 1764 Infi-

638 1819 846 1882 nitum
915 1818 1283 1882 universum
1343 1810 1554 1880 nonne
1622 1817 1945 1881 infinitum
2012 1819 2223 1882 locum
2286 1825 2597 1904 occupat,
2672 1825 2737 1882 et
2802 1818 2967 1882 hanc
3014 1819 3095 1881 ob

639 1958 776 2001 rem
842 1936 1165 2000 infinitum
1235 1936 1511 2020 spatium
1572 1936 1802 2020 ponit?
1892 1935 2085 1999 Fallit
2155 1935 2323 1999 hunc
2396 1936 2605 1999 virum
2677 1936 2933 1999 doctum
2958 1984 2974 2017 ,
3041 1935 3098 1998 si

645 2053 796 2140 quid
868 2053 1097 2136 vide0,
1167 2053 1576 2128 *conturbatio
1653 2053 1839 2116 vacui
1914 2053 2188 2117 absoluti
2263 2059 2327 2117 et
2402 2053 2590 2117 vacui
2665 2053 2897 2116 artiore
2960 2052 3097 2116 sive

646 2172 958 2236 strictiore
1005 2192 1194 2234 sensu
1242 2169 1420 2252 dicti,
1469 2191 1659 2256 quam
1705 2171 2075 2252 Lucretius,
2121 2177 2193 2234 ut
2241 2192 2432 2255 supra
2479 2171 2605 2234 iam
2638 2169 2937 2252 diximUS,
2968 2191 3100 2232 non

647 2309 896 2375 semper
963 2288 1247 2357 evitavit.
1338 2284 1718 2352 Accuratius
1784 2293 1977 2372 poeta
2045 2288 2165 2350 1100
2226 2309 2501 2351 vacuum
2560 2287 2922 2351 absolutum
2984 2307 3098 2350 ex-

587 2447 591 2451 ·
645 2406 909 2492 pressit,
981 2406 1264 2491 exempli
1332 2406 1537 2490 gratia
1583 2427 1673 2468 νε.
1723 2407 1893 2488 984,
1941 2405 2052 2468 ubi
2104 2404 2171 2467 id
2215 2405 2502 2468 nominat
2555 2426 2776 2486 „omne
2824 2405 3103 2490 spatium

646 2525 916 2589 summai
983 2524 1220 2588 totius'’
1267 2523 1334 2586 id
1380 2511 1494 2586 est⁴
1520 2528 1726 2586 totum
1772 2524 2186 2606 universum,
2244 2524 2297 2586 si
2341 2524 2551 2587 locum
2598 2522 2856 2609 quidem
2899 2521 3100 2608 respi-

647 2642 867 2706 cimus.
2591 2621 2601 2628 ’

733 2760 976 2825 Versus
1024 2760 1401 2823 998--1001
1455 2757 1534 2821 ab
1582 2756 1702 2821 hoc
1747 2757 1889 2821 loco
1923 2758 2116 2821 alieni
2154 2764 2334 2841 sunt,
2382 2758 2613 2843 quibus
2652 2780 2797 2822 cum
2829 2759 3101 2822 Munroo

646 2879 826 2959 1000,
889 2896 1090 2962 quem·
1124 2897 1294 2939 nunc
1342 2881 1696 2959 occupant,
1761 2876 1951 2939 motis
2004 2879 2166 2939 1002
2220 2897 2391 2962 seqq.
2441 2877 2907 2940 conclusionem
2955 2896 3100 2939 con-

647 2996 854 3059 tinent
921 3015 1139 3057 eorum
1207 3013 1368 3078 quae
1429 2992 1838 3077 praecedunt.
1930 2993 2089 3057 Inde
2136 3015 2175 3057 a
2219 3016 2309 3057 νε.
2365 2995 2528 3057 1008
2576 3000 2711 3056 tum
2757 2999 2948 3078 poeta
2993 2991 3101 3055 de-

646 3118 955 3176 monstrat
1001 3112 1335 3175 materiem
1382 3130 1632 3195 quoque
1677 3110 1994 3174 infinitam
2040 3132 2197 3175 esse.
2289 3110 2402 3175 Vs.
2457 3113 2621 3175 1012
2670 3116 2765 3174 est
2808 3110 3093 3174 vitiosus,

645 3230 884 3312 Poeta,
933 3228 1042 3314 qui
1085 3228 1302 3313 paullo
1350 3234 1498 3291 ante
1547 3227 1710 3291 dixit
1754 3235 2049 3305 naturam
2081 3249 2292 3313 coqere
2330 3250 2595 3314 „corpus
2626 3227 2803 3291 inani
2834 3235 2898 3291 et
2930 3225 3098 3313 quod

646 3348 835 3410 inane
881 3352 1098 3411 autem
1145 3351 1241 3409 est
1288 3366 1548 3431 corpore
1593 3345 1803 3408 finiri'’
1850 3366 1979 3409 non
2024 3346 2237 3430 potuit
2281 3344 2384 3408 hic
2418 3366 2634 3410 casum
2663 3365 2936 3430 ponere,
2986 3343 3096 3429 qui

645 3448 774 3528 illis
831 3464 1044 3527 verbis
1089 3468 1425 3548 repugnat.
1517 3463 1865 3527 Praeterea
1912 3445 2199 3525 doctrina
2246 3461 2508 3547 Epicuri
2554 3467 2732 3527 vetat
2776 3462 3097 3524 infinitum

649 3602 786 3646 esse
833 3582 1108 3666 spatium
1153 3581 1459 3645 materiae
1507 3601 1757 3665 expers,
1852 3580 1998 3642 Non
2032 3585 2300 3664 possunt
2330 3579 2526 3664 igitur
2557 3578 2626 3641 hi
2650 3599 2873 3643 versus
2904 3579 3096 3661 (1012

649 3703 848 3784 seqq.)
898 3718 1042 3761 cum
1087 3696 1516 3781 superioribus
1561 3698 1743 3779 iungi
1782 3717 1855 3759 eo
1886 3696 2110 3778 mod0,
2158 3718 2281 3782 quo
2314 3697 2623 3766 Munrous
2656 3696 2722 3759 id
2750 3696 2941 3778 facit,
2990 3695 3099 3781 qui

647 3816 912 3880 minima
935 3814 1336 3877 distinctione
1369 3815 1430 3896 (,)
1456 3834 1562 3879 eos
1595 3820 1848 3899 separat
1873 3836 1911 3877 a
1932 3792 2481 3899 praecedentibus.
2515 3812 2778 3877 Lachm.
2804 3813 3101 3877 lacunam

648 3932 890 3997 indicat
939 3937 1082 4017 post
1128 3954 1216 3995 νε.
1271 3934 1456 4014 1012,
1502 3931 1867 4016 Madvigius
1913 3937 1977 3994 et
2023 3931 2333 3995 Marullus
2375 3936 2517 4015 post
2554 3933 2737 3995 1013.
2786 3930 2878 3995 Hi
2923 3935 3099 3993 recte

650 4056 1072 4133 censuerunt,
1121 4050 1187 4113 ni
1231 4050 1528 4113 fallimur.
1617 4049 1926 4113 Attamen
1957 4048 2102 4133 plus
2132 4070 2260 4112 uno
2292 4069 2480 4112 versu
2510 4070 2637 4111 non
2670 4047 2888 4112 deesse
2918 4046 3102 4110 nobis

648 4168 935 4251 videtur,
1007 4168 1060 4232 si
1129 4174 1320 4231 antea
1386 4168 1598 4231 levem
1645 4166 2162 4231 emendationem
2208 4166 2605 4230 adhibemuS.
2694 4166 2863 4229 Nam
2908 4166 2961 4229 si
3003 4186 3099 4229 νε.

657 4288 820 4350 1012
881 4306 996 4370 pro
1042 4292 1156 4348 aut
1201 4286 1389 4347 etiam
1435 4284 1769 4348 scribimus
1812 4306 1965 4348 nam
2008 4285 2308 4369 quoniam
2354 4290 2419 4347 et
2466 4283 2695 4347 deinde
2739 4288 2885 4368 post
2934 4283 3099 4345 1013

650 4402 988 4466 inserimus
1055 4422 1256 4464 unum
1323 4421 1578 4464 versum
1623 4393 1987 4465 huiusmodi
2040 4402 2144 4483 „ni
2190 4400 2439 4464 infinita
2485 4405 2652 4463 esset
2694 4420 2942 4463 summa
2984 4419 3102 4461 un-

653 4520 842 4605 dique
909 4518 1240 4583 materiai”
1272 4568 1288 4601 ,
1359 4519 1572 4582 omnia
1636 4519 1975 4604 perspicua
2042 4540 2180 4583 esse
2251 4517 2509 4583 credere
2571 4516 2775 4580 ausim
2844 4521 2909 4580 et
2954 4536 3102 4578 cum

652 4643 866 4701 mente
934 4636 1220 4701 Lucretii
1266 4636 1703 4720 congruentia.
1795 4638 1984 4701 Nunc
2032 4637 2203 4701 enim
2248 4638 2339 4700 ita
2384 4634 2771 4700 conveniunt
2817 4634 3106 4698 Lucretii
