3529 5359
965 1007 1509 1100 CAPUT
1611 1006 2388 1100 TERTIUM.

1325 1517 1479 1578 DE
1560 1517 2107 1580 ΑΝΙΜθο.

1399 1705 1609 1787 (Lucr.
1655 1704 1766 1768 lib.
1812 1705 1961 1782 III.)

543 1892 752 1976 Multa
814 1917 962 1977 sunt
1007 1933 1168 1999 quae
1214 1913 1498 1977 Lucretii
1546 1912 1623 1977 de
1671 1913 1961 1977 sensibus
1993 1893 2071 1976 ‘in
2116 1910 2539 1998 praecedente
2582 1908 2743 1972 libro
2790 1928 2899 1972 ex-

457 2027 702 2114 positae
750 2028 1072 2092 doctrinae
1120 2029 1368 2093 obicere
1414 2029 1756 2115 possimus:
1818 2028 1971 2112 sed,
2028 2050 2171 2093 cum
2219 2048 2377 2114 opus
2408 2047 2554 2090 eum
2583 2022 2901 2089 refutandi

456 2145 527 2208 in
583 2166 697 2209 nos
763 2167 891 2209 non
958 2146 1329 2229 incumbat,
1398 2145 1510 2209 illa
1576 2147 1962 2211 omittemus.
2074 2146 2153 2209 In
2220 2145 2381 2208 libro
2440 2143 2629 2207 tertio
2686 2147 2900 2206 autem

417 2331 422 2334 ,
458 2263 731 2348 amplius
777 2262 1001 2328 eadem
1048 2263 1125 2327 de
1172 2285 1241 2327 re
1289 2263 1570 2349 disputat
1614 2263 2053 2349 imprimisque
2087 2269 2353 2327 conatur
2382 2261 2578 2326 animi
2609 2265 2903 2324 naturam

461 2379 806 2465 explicare,
843 2385 917 2444 ut
950 2379 1338 2444 demonstret
1369 2402 1516 2444 eum
1544 2380 1877 2443 mortalem
1909 2400 2046 2443 esse
2065 2429 2081 2462 ,
2113 2379 2329 2465 itaque
2360 2378 2582 2443 mortis
2611 2377 2904 2440 timorem

458 2495 716 2560 inanem
762 2517 918 2562 esse.
1009 2497 1174 2562 Tota
1215 2502 1430 2561 mente
1475 2497 1542 2560 in
1586 2495 1751 2561 hanc
1798 2497 2005 2582 operis
2050 2501 2297 2582 partem
2329 2495 2639 2560 incumbit
2670 2499 2901 2580 poeta:

463 2612 728 2700 quisque
775 2613 968 2677 sentit
1011 2613 1114 2678 hic
1162 2612 1484 2678 cardinem
1531 2632 1669 2676 esse
1708 2612 1903 2676 totius
1936 2611 2363 2699 quaestionis,
2411 2617 2609 2676 totam
2640 2615 2905 2675 naturae

465 2729 816 2796 doctrinam
877 2731 1113 2795 circum
1181 2730 1346 2795 hanc
1411 2751 1548 2793 rem
1592 2730 1851 2794 versari.
1942 2730 2075 2812 Ea,
2126 2751 2288 2816 quae
2335 2751 2526 2816 supra
2568 2728 2907 2794 Lucretius

467 2846 664 2931 dixit,
719 2848 847 2913 iam
893 2848 1044 2911 satis
1089 2847 1389 2911 videntur
1431 2867 1616 2933 posse
1663 2847 2048 2911 sententiam
2093 2848 2362 2933 probare
2409 2846 2486 2911 de
2518 2845 2713 2910 animi
2743 2866 2908 2908 mor-

464 2964 748 3029 talitate:
796 2985 944 3029 nam
989 2964 1042 3029 si
1089 2965 1336 3029 animus
1382 2965 1582 3029 oritur
1627 2985 1662 3028 e
1709 2970 1881 3029 certo
1930 2971 2282 3029 atomorum
2341 2964 2559 3029 ordine
2591 2970 2657 3027 et
2709 2961 2909 3049 „posi-

467 3082 674 3164 tura”,
722 3102 850 3145 una
895 3103 1038 3146 cum
1086 3081 1498 3147 dissolutione
1545 3083 1828 3169 corporis
1872 3083 2122 3147 animus
2147 3104 2398 3170 quoque
2431 3082 2688 3147 dissolvi
2721 3081 2911 3145 debet

469 3203 534 3263 et
591 3198 872 3262 interire.
962 3199 1270 3264 Attamen
1319 3199 1546 3282 „hasce
1601 3200 1951 3265 secundum
1995 3223 2097 3266 res
2143 3202 2338 3265 animi
2382 3205 2611 3265 natura
2654 3199 2911 3264 videtur

467 3321 658 3402 atque
703 3317 953 3381 animae
999 3316 1294 3381 claranda
1338 3318 1498 3381 meis
1528 3317 1819 3382 versibus
1850 3338 2023 3401 esse,
2058 3324 2123 3383 et
2154 3324 2365 3383 metus
2396 3318 2507 3381 ille
2536 3318 2703 3381 foras
2732 3337 2912 3402 prae-

466 3452 617 3517 ceps
689 3431 1079 3496 Acheruntis
1113 3414 1116 3417 ⁴
1147 3432 1431 3517 agendus
1449 3484 1465 3516 ,
1533 3434 1818 3499 funditus
1872 3434 2217 3499 humanam
2293 3436 2401 3521 qui
2454 3434 2652 3497 vitam
2698 3432 2914 3496 turbat

467 3548 548 3613 ab
593 3550 720 3613 imo
748 3600 763 3633 ,
811 3550 1022 3615 omnia
1053 3550 1420 3615 suffundens
1448 3552 1670 3615 mortis
1715 3552 2005 3637 nigrore,
2050 3573 2258 3639 neque
2294 3552 2491 3617 ullam
2524 3571 2661 3616 esse
2694 3550 2915 3635 volup-

469 3672 668 3731 tatem
735 3668 1040 3754 liquidam
1105 3690 1456 3755 puramque
1521 3670 1864 3756 relinquit”
1893 3672 1958 3753 ¹).
2065 3670 2267 3735 Nobis
2336 3676 2551 3735 autem
2604 3668 2916 3755 imprimis

471 3784 1105 3850 animadvertendum
1165 3792 1261 3850 est
1335 3794 1590 3873 poetam
1657 3786 1868 3872 ipsum
1942 3784 2048 3851 hic
2119 3787 2401 3852 indicare
2468 3786 2620 3873 quid
2688 3785 2917 3849 debeat

471 3900 750 3987 Epicuro
768 3952 784 3985 ,
829 3903 1117 3989 „tuisque
1151 3924 1269 3986 eX,
1301 3902 1542 3989 inquit,
1572 3904 1794 3989 pulcra
1822 3925 1973 3969 usus
2012 3904 2293 3989 imagine
2314 3954 2330 3988 ,
2348 3904 2588 3969 inclute
2607 3953 2623 3986 ,
2644 3902 2880 3968 chartis
2899 3952 2915 3985 ,

472 4019 764 4082 floriferis
809 4024 882 4083 ut
925 4041 1079 4105 apes
1122 4021 1186 4083 in
1236 4021 1500 4085 saltibus
1547 4022 1760 4085 omnia
1803 4022 2041 4106 libant,
2113 4022 2326 4085 omnia
2365 4000 2483 4085 nos
2535 4020 2757 4085 itidem
2812 4019 2917 4084 de-

470 4137 795 4222 pascimur
839 4159 1033 4201 aurea
1079 4136 1370 4222 dicta”2).
1467 4138 1598 4221 „Te
1643 4140 1880 4203 imitari
1929 4160 2087 4203 aveo
2116 4190 2132 4222 ,
2178 4140 2372 4226 inque
2419 4140 2545 4203 tuis
2573 4160 2741 4203 nunc
2771 4137 2919 4202 ficta

472 4253 711 4339 pedum
741 4276 908 4341 pono
942 4256 1176 4341 pressis
1206 4256 1478 4340 vestigia
1509 4256 1747 4341 signis”
1768 4254 1834 4341 3).
1924 4257 2072 4343 Ipse
2103 4257 2301 4341 igitur
2331 4263 2601 4321 testatur
2632 4262 2821 4342 poeta
2850 4275 2917 4320 se

442 4510 446 4514 ’
541 4515 584 4572 ¹)
652 4516 756 4567 ΙΙΙ.
793 4519 854 4565 35
889 4532 1022 4582 seqq.

539 4610 577 4669 ²)
643 4610 728 4661 VS.
767 4614 842 4659 10.
881 4615 956 4660 11.

542 4703 582 4771 ³)
649 4704 736 4756 Vs.
774 4710 820 4755 4.
