3529 5359
1789 351 1912 416 134

620 554 793 638 globi
858 554 1257 618 revolutione
1325 552 1513 618 modo
1559 555 1750 618 aliam
1772 605 1788 638 ,
1857 553 2043 618 modo
2090 553 2285 617 aliam
2328 554 2593 619 formam
2637 552 2967 616 videamus
2998 557 3064 630 1).

618 672 913 758 Denique
980 672 1297 737 Heracliti
1365 672 1580 757 opinio
1648 672 1855 736 refelli
1902 693 2028 735 non
2075 678 2327 756 potest,
2390 671 2499 757 qui
2544 671 2728 735 docet
2780 692 3069 756 „semper

619 809 848 853 novam
918 789 1135 853 lunam
1195 790 1396 854 creari
1463 789 1683 852 ordine
1730 789 2076 854 formarum
2122 795 2295 852 certo
2341 789 2655 875 certisque
2701 788 2963 872 figuris‘'
2995 787 3067 865 2).

621 906 782 971 Cum
849 911 1065 970 tamen
1126 906 1290 970 obici
1336 912 1549 991 posset
1593 906 1827 970 mirum
1872 927 2008 970 esse
2058 906 2369 970 eiusmodi
2416 912 2661 970 certum
2710 905 3069 968 definitum-

618 1045 742 1110 que
811 1023 1133 1106 ordinem,
1200 1030 1392 1109 poeta
1450 1029 1707 1102 monet,
1780 1029 1852 1086 ut
1898 1029 2088 1088 antea
2139 1024 2266 1087 iam
2310 1023 2461 1086 fecit
2492 1020 2537 1106 3)
2563 1073 2580 1106 ‚
2649 1024 2851 1087 multa
2894 1029 3070 1086 certo

618 1147 905 1226 tempore
973 1147 1271 1227 certoque
1341 1140 1560 1204 ordine
1628 1163 1666 1204 a
1731 1146 1962 1204 natura
2008 1141 2236 1204 creari.
2328 1141 2644 1226 Epicurus
2689 1141 2755 1203 in
2801 1141 3073 1226 epistola

617 1258 699 1324 ad
787 1258 1165 1344 Pythoclem
1252 1257 1472 1343 paucis
1542 1263 1794 1321 tantum
1862 1258 2075 1321 verbis
2153 1257 2240 1322 hu
2252 1280 2331 1322 nc
2404 1259 2615 1322 locum
2688 1257 2947 1341 attingit
2978 1256 3069 1339 4):

595 1378 904 1452 κενώσεις
970 1405 1032 1441 τε
1093 1374 1368 1453 σελήνης
1428 1380 1525 1441 καὶ
1585 1375 1784 1441 πάλιν
1847 1376 2333 1460 συμπληρώσεις
2398 1380 2492 1441 καὶ
2564 1376 2714 1442 κατὰ
2782 1379 3072 1460 στροφὴν

615 1501 727 1560 τοῦ
775 1495 1064 1576 σώματος
1108 1495 1336 1558 τοῦτου
1382 1489 1654 1560 δύναιντ’
1702 1493 1782 1559 ἂν
1829 1497 2119 1580 γίνεσθαι
2149 1493 2253 1575 (ad
2324 1494 2513 1557 Lucr.
2562 1493 2817 1556 tertiam
2866 1491 3071 1577 expli-

616 1611 930 1675 cationem
973 1609 1131 1674 haec
1178 1616 1326 1673 sunt
1377 1609 1732 1688 referenda)
1783 1615 1876 1676 sca?
1912 1611 2062 1675 κατὰ
2096 1613 2579 1697 σχηματισμοὺς
2612 1611 2798 1696 ἀέρος
2831 1612 3070 1692 ὁμοίως

618 1728 812 1814 (quod
877 1729 1066 1792 Luor.
1127 1749 1256 1792 non
1322 1729 1693 1810 memorat),
1786 1728 1870 1793 ἐ’τι
1930 1755 1993 1793 τε
2061 1733 2157 1794 καὶ
2234 1727 2364 1794 κατ’
2425 1731 2913 1812 ἐπιπροσθήσεις
2971 1731 3069 1793 καὶ

616 1847 768 1911 κατὰ
842 1848 1089 1919 πάντας
1161 1847 1443 1930 τρόπους
1469 1895 1485 1922 ,
1556 1844 1693 1910 καθ’
1768 1843 1883 1920 οὓς
1962 1849 2059 1910 καὶ
2135 1846 2211 1910 τὰ
2289 1845 2434 1929 παρ’
2513 1846 2660 1922 ἡμῖν
2728 1846 3071 1931 φαινόμενα

615 1961 951 2027 ἐκκαλεῖται
1029 1964 1116 2036 εἷς
1160 1961 1275 2036 τὰς
1318 1963 1545 2025 τούτου
1592 1966 1705 2024 τοῦ
1753 1958 1961 2036 εἴδους
2010 1957 2399 2040 ἀποδόσεις,
2470 1960 2579 2026 ἐὰν
2646 1963 2729 2042 μή
2794 1988 2890 2035 τις
2955 1962 3073 2026 τὸν

614 2087 866 2164 μοναχῆ
942 2080 1184 2164 τρόπον
1265 2080 1717 2163 κατηγαπηκὼς
1804 2080 1955 2154 τοὺς
2050 2077 2299 2156 ἄλλους
2372 2077 2460 2152 ὡς
2536 2079 2753 2157 κενοὺς
2838 2074 3076 2144 ἄποδο-

614 2193 879 2280 κιμᾶζῃ,
961 2195 1038 2259 οὐ
1112 2195 1512 2280 τεθεωρηκὼς
1585 2197 1645 2257 τί
1717 2189 1991 2258 δυνατὸν
2064 2193 2383 2277 ἀνθρώπῳ
2463 2195 2775 2276 θεωρῆσαι
2846 2197 2943 2258 καὶ
3012 2197 3078 2258 τί

615 2307 970 2389 ἀδύνατον,
1043 2314 1140 2377 καὶ
1212 2308 1309 2376 διὰ
1377 2310 1543 2375 τοῦτ’
1599 2307 1878 2375 ἀδύνατα
1931 2312 2190 2394 θεωρεῖν
2250 2312 2605 2391 ἐπιθυμῶν,
2683 2307 2825 2390 (hoc
2899 2308 3073 2372 idem

614 2425 804 2491 Lucr.
887 2424 1230 2491 Chaldaeis
1312 2424 1546 2506 obicit,
1643 2445 1736 2487 VS.
1819 2426 1938 2488 727
2020 2426 2220 2510 seqq.)
2288 2425 2373 2491 ἔτι
2448 2425 2503 2488 τ’
2560 2421 2868 2510 ἐνδέχεται
2954 2427 3075 2501 τὴν

617 2543 894 2620 σελήνην
975 2541 1043 2619 ἐξ
1111 2547 1327 2628 ἑαυτῆς
1411 2543 1576 2630 ’ἔχειν
1649 2544 1722 2608 τὸ
1800 2547 1968 2628 φῶς,
2050 2540 2360 2629 ἐνδέχεται
2429 2540 2491 2609 δὲ
2583 2548 2681 2608 καὶ
2755 2543 2882 2609 ἀπὸ
2956 2548 3071 2607 τοῦ

623 2660 835 2738 ἡλίου.

712 2778 914 2860 „Solis
982 2778 1138 2842 item
1197 2798 1447 2863 quoque
1496 2777 1778 2841 defectus
1822 2778 2137 2863 lunaeque
2185 2777 2463 2842 latebras
2509 2777 2799 2863 pluribus
2844 2798 2879 2841 e
2926 2798 3074 2841 cau-

616 2897 702 2961 sis
747 2896 885 2960 fieri
928 2895 1048 2960 tibi
1092 2916 1275 2982 posse
1320 2895 1771 2981 putandumst3
1819 2916 1968 2959 nam
2013 2916 2126 2959 cur
2170 2894 2323 2960 luna
2368 2901 2560 2981 queat
2595 2901 2835 2960 terram
2870 2896 3072 2959 seclu-

617 3013 770 3079 dere
813 3013 964 3078 solis
1021 3013 1265 3077 lumine
1313 3050 1395 3059 —-
1421 3062 1438 3095 ,
1484 3012 1766 3077 obiciens
1812 3034 2071 3077 caecum
2138 3011 2333 3076 radiis
2388 3012 2759 3077 ardentibus
2804 3014 3069 3077 orbem:

617 3138 905 3217 tempore
978 3130 1203 3195 eodem
1271 3130 1432 3195 aliut
1500 3168 1582 3177 —
1650 3152 1879 3216 corpus
1896 3180 1912 3213 ,
1988 3129 2158 3216 quod
2229 3151 2477 3194 cassum
2521 3129 2773 3195 labatur
2831 3130 3072 3195 lumine

619 3269 869 3334 semper
895 3298 911 3331 ,
961 3248 1173 3313 facere
1234 3247 1302 3311 id
1360 3269 1487 3312 non
1562 3267 1746 3333 posse
1826 3248 2128 3333 putetur’'
2156 3254 2183 3310 Ρ
2218 3249 2287 3325 5).
2382 3247 2633 3311 Harum
2700 3248 2873 3333 prior
2941 3248 3072 3332 opi-

619 3366 883 3429 nionum
952 3364 1242 3431 Platonis
1335 3370 1433 3429 est
1508 3369 1574 3428 et
1646 3364 2015 3429 Aristotelis
2089 3371 2153 3428 et
2223 3365 2578 3429 Stoicorum
2606 3415 2622 3447 ,
2690 3371 2852 3429 teste
2927 3366 3073 3429 Plu-

619 3482 839 3547 tarcho
886 3484 930 3566 ⁰)
958 3533 974 3566 ,
1058 3482 1218 3547 haec
1302 3483 1498 3547 verba
1576 3482 1894 3546 referente
1985 3482 2063 3546 de
2150 3482 2339 3545 lunae
2438 3482 2829 3564 „latebris'’:
2922 3484 3073 3564 πτοῖς

621 3598 686 3669 δὲ
762 3601 1063 3686 ἐκλείψεις
1137 3600 1356 3666 dicunt
1445 3601 1664 3664 lunam
1737 3600 1989 3666 efficere
2064 3605 2152 3682 εἷς
2231 3602 2304 3665 τὸ
2386 3605 2658 3683 σκίασμα
2746 3610 2856 3677 τῆς
2952 3612 3074 3686 γῆς

618 3720 1081 3801 ἐμπίπτουσαν,
1161 3717 1391 3798 μεταξὺ
1469 3722 1581 3799 μὲν
1671 3720 2042 3804 ἀμφοτέρων
2122 3723 2251 3783 τῶν
2338 3716 2619 3801 ἆστέρων
2696 3722 3069 3803 γινομένης,

618 3834 878 3918 μᾶλλον
951 3832 1014 3901 δὲ
1082 3841 1159 3922 τῇ
1229 3836 1465 3923 σελήνῃ
1534 3835 2101 3922 ἀντιφραττομένης
2131 3885 2147 3918 ,
2192 3834 2259 3899 id
2306 3841 2446 3917 est,
2496 3857 2640 3900 cum
2683 3836 2751 3899 in
2783 3836 3075 3899 umbram

689 4127 725 4187 ¹)
796 4126 884 4176 Vs.
922 4127 1163 4179 720-30,

686 4222 726 4285 ²)
793 4221 880 4271 Vs.
918 4222 1158 4273 730—50.
1228 4222 1362 4272 Plut.
1411 4221 1537 4285 plac.
1576 4221 1667 4281 ΙΙ,
1723 4238 1828 4285 cap.
1866 4224 1955 4271 28:
2006 4220 2340 4286 Ἡράκλειτος
2372 4226 2431 4275 τὸ
2465 4223 2597 4275 αὐτὸ
2632 4222 2947 4275 πεπονθέναι
2981 4226 3077 4275 τὸν

622 4316 802 4377 ἥλιον,
839 4316 926 4365 καὶ
961 4317 1058 4375 τὴν
1093 4316 1338 4377 σελήνην.

685 4410 723 4469 ³)
789 4408 876 4460 Vs.
915 4411 1190 4463 669—679.

685 4504 722 4565 ⁴)
792 4505 992 4570 Paragr.
1029 4507 1104 4553 94.
1173 4503 1390 4555 Uberius
1421 4504 1477 4555 in
1508 4505 1699 4569 perdito
1731 4505 1859 4555 libro
1892 4505 2004 4556 XII
2039 4507 2155 4569 περὶ
2187 4505 2395 4572 φύσεως.
2466 4505 2542 4557 cf.
2579 4509 2657 4556 96.

685 4600 726 4662 ⁶)
794 4599 878 4651 Vs.
919 4602 1164 4653 751-57,

686 4695 729 4761 6)
798 4695 931 4746 Plac.
969 4694 1061 4756 II,
1099 4697 1178 4748 29.
