3529 5359
1728 383 1847 445 166

559 585 734 650 Num
778 589 993 648 tamen
1036 584 1176 670 ipse
1221 589 1411 670 pecta
1457 588 1522 648 et
1569 583 1891 669 Epicurus
1934 590 2138 648 certas
2182 590 2249 649 et
2294 584 2587 660 definitas
2633 582 2711 647 de
2743 581 3005 647 deorum

562 701 928 786 corporibus
993 699 1337 765 habuerint
1396 699 1688 762 notiones
1713 749 1729 782 ,
1801 699 2181 764 dubitamus.
2271 700 2608 765 Lucretius
2652 700 2855 764 canit:
2911 704 3006 762 te-

561 815 706 878 nuis
752 817 896 900 (est)
941 821 1170 880 natura
1217 815 1404 879 deum
1451 814 1769 901 longeque
1814 822 2061 880 remota
2106 817 2394 880 sensibus
2438 817 2518 882 ab
2548 817 2779 880 nostris
2808 815 3005 879 animi

559 933 674 997 vix
717 939 932 997 mente
977 932 1273 996 videtur'’
1304 933 1376 1016 ι)ε
1423 931 1583 996 haec
1629 939 1941 996 naturane
1988 955 2073 997 ex
2115 934 2341 997 atomis
2386 933 2469 996 sit
2511 933 2711 1015 facta,
2755 952 2959 995 necne
2986 980 3003 1013 ,

560 1070 689 1113 non
735 1049 906 1113 dicit.
983 1049 1300 1134 Epicurus
1343 1048 1592 1113 censuit
1634 1048 1818 1136 λόγῳ
1874 1046 1936 1115 δὲ
1982 1051 2226 1128 πάντας
2271 1053 2537 1124 τούτους
2582 1051 2753 1131 (τοὺς
2796 1048 3005 1128 θεοὺς)

560 1170 919 1252 θεωρητοὺς
967 1163 1066 1232 3ιᾶ
1109 1169 1226 1242 τὴν
1273 1165 1712 1251 λεπτομέρειαν
1756 1175 1867 1242 τῆς
1913 1169 2043 1230 τῶν
2090 1163 2369 1232 εἰδώλων
2418 1169 2663 1252 φύσεως
2694 1163 2760 1248 ²).
2844 1163 3006 1228 Suae

561 1282 804 1347 habent
870 1282 1052 1346 sedes
1107 1282 1315 1366 11013),
1385 1303 1549 1368 quae
1595 1287 1813 1345 tamen
1866 1282 2135 1364 „nostris
2182 1282 2441 1347 sedibus
2485 1303 2624 1346 esse
2670 1281 3005 1345 dissimiles

564 1399 842 1464 debent’'
889 1405 1151 1485 propter
1197 1399 1556 1463 divinorum
1603 1419 1938 1484 corporum
1984 1400 2364 1463 tenuitatem
2391 1397 2483 1476 4):
2558 1399 2875 1484 Epicurus
2898 1419 3005 1462 eas

562 1516 744 1580 sedes
810 1517 1023 1602 posuit
1074 1517 1143 1580 in
1186 1517 1634 1580 intermundiis
1666 1517 1757 1599 ⁵),
1807 1538 1969 1602 quae
2013 1522 2230 1580 tamen
2274 1539 2313 1580 a
2358 1516 2659 1580 Lucretio
2703 1537 2832 1579 non
2874 1535 3005 1578 me-

560 1640 907 1698 morantur.
999 1633 1274 1699 Omnino
1321 1640 1513 1719 poeta
1556 1655 1762 1720 pauca
1808 1633 1974 1697 dixit
2020 1633 2098 1697 de
2144 1633 2264 1697 diis
2288 1683 2305 1716 ‚
2350 1633 2473 1697 nisi
2502 1633 2616 1698 ubi
2660 1631 3007 1696 adversarii

560 1750 894 1814 refellendi
939 1757 1160 1814 erant:
1217 1750 1379 1815 duae
1425 1755 1677 1814 tantum
1723 1757 1871 1814 sunt
1914 1750 2284 1836 qualitateS,
2332 1771 2495 1836 quae
2555 1771 2700 1814 cum
2746 1749 3005 1812 notione

560 1867 823 1931 deorum
867 1888 1118 1954 semper
1161 1869 1343 1952 iungi
1389 1868 1664 1932 debent:
1738 1868 2184 1932 immortalitas
2230 1875 2296 1931 et
2339 1867 2687 1933 beatitudo,
2779 1867 3007 1952 Impri-

557 1987 679 2050 mis
739 1991 954 2051 autem
999 1987 1351 2051 cavendum
1399 1993 1496 2052 est
1539 2009 1622 2052 ne
1669 1987 1824 2074 quid
1871 1987 1989 2051 diis
2034 1987 2390 2051 tribuamus
2415 2036 2432 2069 ,
2494 1986 2663 2073 quod
2706 1986 2786 2050 ab
2831 1985 3007 2048 hisce

559 2104 922 2169 notionibus
990 2105 1272 2169 alienum
1337 2107 1460 2170 sit:
1529 2109 1643 2172 τὸν
1713 2107 1867 2171 θεὸν
1935 2105 2106 2192 ζῷον
2174 2105 2510 2192 ἄφθαρτον
2556 2111 2655 2172 καὶ
2700 2105 3008 2190 μακάριον

562 2221 842 2304 νομίζων
893 2273 906 2286 .
943 2271 957 2286 .
991 2270 1006 2284 .
1073 2226 1272 2304 μηδὲν
1313 2227 1463 2306 μήτε
1508 2233 1618 2298 τῆς
1665 2223 2028 2307 ἀφθαρσίας
2075 2221 2425 2308 ἀλλότριον
2470 2225 2619 2300 μήτε
2664 2232 2774 2300 τῆς
2818 2250 3008 2305 μακα-

561 2339 853 2422 ριότητος
943 2337 1254 2404 ἀνοίκειον
1321 2339 1491 2425 αὐτῷ
1555 2341 1921 2424 πρόσαπτε,
1990 2343 2119 2405 πᾶν
2187 2338 2250 2404 δὲ
2295 2341 2368 2404 τὸ
2430 2338 2765 2425 φυλάττειν
2812 2338 3007 2402 αὐτοῦ

564 2451 917 2536 δυνάμενον
983 2458 1100 2532 τὴν
1166 2455 1290 2538 μετ’
1358 2455 1720 2541 ἀφθαρσίας
1789 2459 2206 2542 μακαριότητα
2264 2461 2403 2542 περὶ
2451 2457 2643 2521 αὐτοῦ
2691 2452 2917 2529 δόξαζε
2940 2451 3007 2536 6).

561 2573 772 2637 Multa
817 2573 905 2636 sic
951 2571 1144 2636 dubia
1187 2593 1446 2638 manere
1493 2573 1760 2661 quisque
1806 2573 2160 2658 intellegit,
2207 2572 2319 2636 sed
2348 2573 2651 2658 Epicurei
2696 2570 3009 2657 putabant

559 2906 968 2970 subpeditabatur
1013 2905 1166 2957 facies
1213 2911 1264 2957 et
1297 2908 1454 2957 forma
1484 2908 1744 2958 manebat'’
1780 2908 1843 2969 (V
1860 2944 1876 2970 ,
1931 2908 2054 2962 1175
2074 2945 2089 2970 ,
2140 2910 2252 2969 76),
2296 2907 2547 2959 communi
2576 2912 2774 2957 tantum
2806 2900 3009 2957 notione

561 3018 615 3053 se
665 3002 832 3052 animo
879 3001 1159 3066 infigerent.
1229 3001 1306 3051 cf.
1356 3003 1504 3053 Lucr.
1555 3002 1628 3064 V,
1682 3005 1806 3053 1169
1858 3019 1993 3069 seqq.
2082 3002 2219 3053 Huic
2266 3002 2530 3053 Laertiano
2582 3001 2691 3052 loco
2744 3000 3009 3065 opponitur

560 3096 666 3147 Cic.
701 3098 760 3147 de
792 3100 896 3147 nat.
930 3098 1061 3146 deor.
1096 3097 1153 3158 Ι,
1205 3097 1234 3147 I
1255 3133 1268 3157 ‚
1307 3100 1392 3157 19,
1429 3100 1522 3147 49:
1559 3097 1841 3161 „Epicurus
1876 3134 1888 3147 .
1916 3134 1927 3146 .
1956 3132 1969 3147 .
2004 3098 2147 3147 docet
2179 3112 2287 3147 eam
2318 3112 2425 3146 esse
2457 3094 2565 3147 vim
2597 3098 2649 3145 et
2680 3100 2859 3145 natura
2890 3095 3005 3144 deo-

559 3207 671 3241 rum
687 3227 702 3252 ,
752 3196 811 3241 ut
857 3190 1073 3255 primum
1115 3207 1216 3241 non
1260 3206 1409 3241 sensu
1423 3228 1436 3253 ,
1484 3192 1570 3241 sed
1611 3196 1777 3241 mente
1826 3196 2055 3241 cernatur
2072 3228 2085 3253 ,
2136 3206 2227 3241 nec
2274 3190 2524 3241 soliditate
2575 3192 2788 3256 quadam
2820 3207 2911 3241 nec
2944 3192 3009 3240 ad

560 3302 822 3337 numerum
836 3322 850 3347 ,
901 3292 961 3335 ut
1009 3301 1070 3336 ea
1117 3301 1245 3351 quae
1293 3285 1380 3335 ille
1411 3290 1610 3349 propter
1642 3285 1927 3337 firmitatem
1962 3288 2226 3349 στερέμνια
2261 3287 2476 3351 appellat
2494 3323 2508 3348 ‚
2554 3288 2641 3336 sed
2672 3285 2973 3351 imaginibus
2992 3323 3007 3347 ‚

560 3380 887 3432 similitudine
919 3386 970 3431 et
1001 3380 1294 3431 transitione
1325 3381 1599 3445 perceptis3
1635 3398 1837 3444 cumque
1868 3382 2067 3431 infinita
2100 3382 2481 3431 simillumarum
2514 3380 2789 3445 imaginum
2823 3381 3008 3445 species

560 3492 622 3527 ex
667 3475 1112 3527 innumerabilibus
1157 3475 1430 3526 individuis
1479 3479 1684 3527 exsistat
1735 3482 1786 3526 et
1836 3479 1897 3526 ad
1929 3492 2019 3527 nos
2057 3476 2148 3541 (ita
2181 3476 2343 3526 Zeller
2374 3492 2465 3540 pro
2498 3480 2563 3525 ad
2592 3480 2731 3539 deon
2782 3476 3005 3526 Schoem.

561 3572 690 3623 Bait.
713 3590 742 3622 a
759 3573 858 3637 deo)
877 3574 1066 3622 adfluat
1081 3609 1094 3634 ,
1119 3588 1232 3622 cum
1248 3572 1478 3622 maximis
1495 3573 1835 3636 voluptatibus
1852 3572 1907 3621 in
1924 3588 2006 3623 eas
2024 3571 2265 3637 imagines
2282 3577 2497 3622 mentem
2512 3572 2756 3622 intentam
2778 3571 3007 3621 infixam-

560 3684 658 3733 que
706 3674 923 3719 nostram
942 3704 955 3729 ,
1003 3667 1394 3732 intellegentiam
1439 3684 1638 3731 capere,
1682 3684 1810 3733 quae
1860 3668 1926 3718 sit
1957 3674 2005 3718 et
2039 3668 2184 3717 beata
2215 3673 2393 3717 natura
2424 3674 2476 3718 et
2508 3670 2753 3717 aeterna'‘.
2822 3668 2919 3717 Sed
2950 3671 3012 3717 ut

559 3762 781 3826 saepius,
832 3762 905 3813 ita
952 3763 1046 3813 hoc
1091 3762 1200 3813 loco
1240 3778 1436 3827 quoque
1453 3800 1465 3823 ‚
1520 3762 1690 3812 Cicero
1723 3761 1996 3825 Epicurum
2028 3778 2130 3812 non
2162 3762 2467 3813 intellexisse
2500 3762 2700 3812 videtur
2730 3762 2899 3827 itaque
2930 3778 3009 3812 res

560 3857 854 3919 conturbat3
925 3855 1142 3920 primum
1207 3856 1418 3906 alterum
1467 3861 1664 3906 tantum
1710 3858 1913 3907 deorum
1982 3856 2358 3907 simulacrorum
2414 3872 2570 3921 genus
2589 3892 2603 3917 ,
2655 3856 2799 3921 quasi
2849 3856 3010 3907 solum

560 3956 747 4015 exstet,
783 3955 1160 4013 commemorat;
1213 3950 1388 4000 deinde
1420 3951 1586 4001 minus
1618 3956 1695 4001 est
1726 3956 1987 4001 accuratus
2001 3986 2015 4012 ,
2066 3966 2181 4001 cum
2224 3951 2492 4016 στερέμνια
2522 3949 2825 4015 imaginibus
2857 3966 3007 4015 oppo-

558 4052 648 4097 nat
661 4083 675 4108 ‚
731 4046 916 4097 oblitus
963 4046 1229 4111 στερέμνια
1283 4045 1442 4096 videri
1490 4062 1591 4097 11011
1637 4062 1781 4110 posse
1828 4046 1929 4097 nisi
1976 4062 2064 4109 per
2114 4046 2389 4111 imagines:
2440 4046 2655 4111 denique
2703 4046 2810 4111 ipse
2851 4062 3009 4097 sermo

559 4143 798 4195 obscurus
831 4142 1090 4193 confirmat
1122 4142 1407 4193 Ciceronem
1440 4159 1546 4193 rem
1578 4159 1680 4194 non
1710 4142 2032 4207 perspexisse.

626 4239 664 4302 ¹)
731 4237 778 4288 V
799 4278 810 4298 .‚
847 4240 956 4286 148.

625 4334 666 4398 2)
738 4332 873 4384 Plut.
908 4332 944 4382 1.
977 4332 1012 4382 1.

625 4429 667 4492 ³)
733 4427 780 4478 V
795 4464 809 4490 ,
848 4430 956 4477 162.

625 4524 666 4589 4)
736 4523 783 4574 V
797 4560 811 4585 ,
848 4526 956 4574 153.

625 4620 666 4686 ⁵)
738 4618 840 4669 Cic.
875 4620 935 4669 de
967 4619 1068 4671 div.
1104 4618 1195 4681 ΙΙ,
1230 4622 1310 4668 40.

626 4715 668 4779 ⁶)
736 4715 800 4765 D.
836 4715 894 4765 L.
933 4716 1010 4775 X,
1051 4717 1154 4765 123.
