3529 5359
1824 311 1959 376 48.

632 517 730 582 bis
797 515 1192 580 exstitissent
1216 565 1232 598 ,
1302 514 1599 579 continuo
1666 515 1871 579 multa
1936 515 2172 579 mundo
2242 520 2391 580 sunt
2435 513 2651 579 addita
2696 535 2958 600 corpora
3002 534 3087 576 ex

631 635 880 700 infinita
945 639 1298 697 atomorum
1366 632 1548 718 copia
1573 682 1589 715 ,
1634 633 1805 697 unde
1851 653 2025 697 mare
2073 639 2138 697 et
2184 639 2353 698 terra
2396 634 2767 697 crescebant
2814 637 2879 696 et
2926 631 3085 696 caeli

634 752 856 816 domus
900 751 1095 814 fiebat
1142 757 1258 829 (vs.
1312 751 1477 814 1105
1525 750 1720 836 seqq.)

723 868 953 933 Omnia
1017 867 1098 931 ad
1164 888 1279 931 sua
1331 887 1571 951 genera
1615 849 1964 950 recedunt,
2012 867 2243 932 humor
2287 865 2368 932 ad
2409 867 2743 932 humorem
2796 873 3086 948 „terreno

641 1007 904 1072 corpore
974 990 1146 1049 terra
1191 985 1419 1049 crescit
1465 991 1531 1049 et
1593 985 1812 1069 ignem
1866 975 2049 1069 ignes
2094 986 2453 1071 procudunt
2496 1006 2773 1072 aeraque
2819 984 2969 1049 aer”
3002 985 3085 1067 ¹),

636 1126 764 1169 non
807 1110 1024 1168 tamen
1067 1102 1151 1168 ad
1193 1103 1623 1186 Anaxagorae
1668 1110 1950 1166 mentem
1994 1103 2121 1185 ita,
2167 1109 2239 1167 ut
2283 1103 2450 1188 ignis
2494 1103 2688 1167 atomi
2732 1102 2898 1187 ignis
2925 1101 3086 1184 sint,

635 1243 944 1308 aquarum
989 1220 1334 1306 primordia
1378 1242 1544 1307 aqua
1571 1270 1587 1303 ,
1635 1220 1747 1284 sed
1792 1227 1865 1284 ut
1909 1221 2103 1284 atomi
2136 1241 2297 1307 quae
2328 1221 2529 1284 forma
2555 1270 2571 1303 ,
2617 1217 3085 1304 magnitudine,

634 1339 915 1425 pondere
984 1343 1170 1424 aptae
1239 1337 1366 1401 sint
1431 1337 1513 1401 ad
1580 1337 1740 1402 haec
1810 1359 2075 1423 corpora
2140 1337 2508 1419 formanda,
2556 1336 2938 1400 conveniant
3006 1335 3088 1399 ad

633 1478 820 1521 suum
849 1477 1142 1542 quaeque
1190 1475 1410 1540 genus.
1480 1455 1771 1519 Primum
1816 1454 1976 1519 haec
2020 1456 2261 1540 legenti
2305 1455 2466 1519 mira
2493 1454 2898 1518 videbuntur.
2967 1454 3087 1519 At-

629 1580 845 1638 tamen
911 1572 1104 1658 plane
1168 1594 1312 1636 cum
1374 1572 1634 1658 Epicuri
1681 1572 1968 1637 doctrina
2014 1572 2419 1635 conveniunt.
2511 1573 2686 1636 Ante
2734 1572 2947 1635 omnia
2992 1577 3085 1635 ta-

629 1712 778 1755 men
823 1689 1174 1755 tenendum
1220 1695 1316 1753 est
1361 1696 1638 1771 terram,
1709 1710 1983 1775 aquam,
2046 1711 2301 1772 aerem,
2363 1691 2578 1774 ignem
2624 1688 2729 1753 hic
2774 1711 2902 1753 non
2948 1708 3087 1752 esse

631 1813 955 1893 tamquam
1023 1807 1341 1870 elementa
1409 1803 1633 1868 eodem
1701 1825 1931 1888 sensu,
2022 1826 2145 1892 quo
2214 1805 2633 1891 Empedocles
2691 1806 2924 1870 docuit.
3028 1804 3085 1868 E

633 1925 796 1989 libro
863 1925 1083 2010 quinto
1153 1945 1245 1987 vs.
1295 1925 1420 1986 449
1469 1943 1640 2009 seqq.
1689 1923 1861 1986 enim
1908 1929 2173 2009 apparet
2218 1922 2567 1986 secundum
2612 1922 2945 2006 gravitatis
2988 1943 3087 1985 ra-

636 2040 875 2104 tione'm
920 2045 1162 2103 atomos
1208 2058 1274 2102 se
1341 2058 1762 2122 congregasse
1831 2038 1923 2101 ita
1950 2087 1966 2120 ,
2033 2045 2104 2101 ut
2148 2037 2506 2102 levissimae
2567 2039 2767 2102 altum
2826 2037 3089 2102 aethera

626 2157 937 2238 facerent,
1008 2177 1172 2242 quae
1245 2154 1457 2219 minus
1526 2161 1738 2219 essent
1784 2155 1959 2219 leves
1983 2205 1999 2238 ,
2047 2177 2299 2237 aerem,
2347 2177 2510 2243 quae
2555 2178 2772 2220 rursus
2816 2155 3089 2220 maiores

628 2282 840 2340 essent
905 2274 1194 2360 pondere
1226 2323 1242 2356 ,
1313 2295 1586 2359 aquam,
1633 2273 2044 2358 gravissimae
2092 2273 2363 2360 denique
2411 2280 2664 2338 terram.
2754 2272 2852 2337 Eo
2899 2294 3090 2337 sensu

627 2399 876 2456 tantum
943 2392 1158 2455 omnia
1245 2391 1363 2472 „ad
1423 2413 1537 2454 sua
1597 2390 1806 2454 saecla
1865 2391 2254 2473 recedunt'';
2324 2413 2468 2455 cum
2513 2392 2826 2475 gravitate
2874 2397 3090 2454 autem

627 2510 830 2574 forma
897 2515 962 2572 et
1030 2507 1412 2592 magnitudo
1472 2508 1785 2572 artissime
1834 2515 1979 2572 sunt
2025 2509 2313 2591 iunctae,
2360 2508 2721 2572 levissimae
2768 2508 2961 2571 atomi
3007 2507 3089 2570 si-

628 2629 763 2693 mul
832 2632 980 2692 sunt
1029 2626 1314 2699 maxime
1361 2626 1670 2691 rotundae
1719 2632 1784 2691 et
1828 2627 2148 2691 minimae.
2240 2627 2540 2692 Ceterum
2585 2627 2743 2691 haec
2789 2632 3089 2713 quattuor

632 2768 849 2811 rursus
920 2750 1068 2810 sunt
1130 2745 1479 2830 composita
1524 2766 1606 2808 ex
1653 2746 1879 2809 atomis
1924 2766 2086 2831 quae
2132 2744 2373 2828 forma,
2419 2738 2858 2831 magnitudine
2884 2795 2900 2828 ,
2948 2765 3090 2829 gra-

631 2865 831 2928 vitate
876 2864 1048 2926 inter
1095 2883 1161 2925 se
1205 2861 1547 2945 differunt,
1595 2862 1686 2925 ita
1729 2868 1804 2924 ut
1848 2861 1930 2926 ad
1974 2863 2183 2947 varias
2228 2884 2330 2926 res
2376 2863 2679 2927 creandas
2724 2863 2849 2926 sint
2876 2868 3083 2948 aptae.

635 2979 869 3044 Cetera
934 2979 1002 3042 in
1069 2978 1232 3042 libro
1302 2978 1524 3064 quinto
1594 2977 2105 3063 explicabuntur.
2198 2978 2484 3043 Tandem
2530 2979 2611 3043 ad
2653 2979 3089 3042 maturitatem

640 3098 820 3161 venit
862 3096 969 3160 hic
1001 3096 1308 3160 mundus:
1357 3117 1485 3159 non
1531 3096 1674 3181 plus
1720 3096 2071 3160 addebatur
2115 3118 2306 3183 quam
2351 3097 2708 3179 defluebat3
2754 3095 2837 3159 ad
2858 3094 3089 3181 puber-

641 3220 840 3278 tatem
877 3214 1073 3277 venit.
1163 3214 1241 3276 In
1285 3213 1620 3277 iuventute
1667 3214 1839 3277 enim
1883 3214 2027 3299 plus
2073 3214 2193 3278 sibi
2239 3214 2579 3278 adsumunt
2626 3235 2816 3299 quam
2862 3211 3085 3275 demit-

641 3337 788 3395 tunt
861 3352 1164 3417 corpora,
1242 3330 1539 3415 quoniam
1616 3330 1801 3394 facile
1875 3338 2013 3394 tum
2057 3332 2125 3395 in
2169 3332 2397 3395 vitales
2440 3352 2636 3395 venas
2682 3330 3087 3394 committunt

641 3455 928 3530 atomos,
1006 3454 1071 3511 et
1115 3468 1259 3511 cum
1305 3447 1508 3531 magis
1553 3453 1882 3534 compacta
1926 3448 2053 3511 sint
2097 3471 2287 3533 quam
2331 3449 2398 3512 in
2446 3454 2809 3530 senectute,
2876 3447 3087 3511 minus

637 3565 824 3632 facile
917 3565 1247 3629 dimittunt
1334 3586 1479 3629 suas
1569 3571 1830 3629 atomos.
1968 3564 2293 3650 Augmine
2372 3572 2657 3631 cessante
2754 3566 3087 3652 paullatim

640 3684 1014 3747 relaxantur
1085 3687 1149 3745 et
1214 3681 1592 3745 minuuntur
1657 3703 1760 3746 res
1780 3732 1796 3765 ,
1873 3684 2101 3747 atomis
2157 3685 2422 3748 amissis.
2511 3685 2614 3749 Sic
2692 3690 2863 3749 terra
2918 3706 3087 3749 nunc

644 3803 838 3864 etiam
911 3798 1218 3862 decrescit
1245 3800 1314 3881 ²).
1404 3799 1542 3863 Iam
1611 3799 1885 3863 senescit
1950 3821 2157 3886 neque
2203 3802 2476 3886 amplius
2519 3823 2753 3885 magna
2796 3806 3087 3888 procreat

643 3917 984 3999 animalia,
1038 3937 1238 4002 „quae
1307 3922 1535 3981 cuncta
1588 3918 1829 3981 creavit
1874 3919 2083 3982 saecla
2129 3917 2428 4006 deditque
2473 3897 2750 3983 ferarum
2802 3920 3088 4003 ingentia

642 4056 906 4120 corpora
948 4033 1198 4120 partu”.
1298 4035 1598 4120 „Iamque
1646 4042 1839 4120 caput
1894 4057 2196 4122 quassans
2242 4036 2498 4121 grandis
2550 4037 2825 4121 suspirat
2878 4041 3089 4101 arator

643 4152 925 4216 crebrius
989 4152 1307 4216 incassum
1379 4174 1683 4217 manuum
1756 4152 2059 4217 cecidisse
2132 4154 2380 4218 labores
2455 4159 2520 4217 et
2594 4175 2739 4218 cum
2799 4159 3088 4239 tempora

708 4371 742 4427 1)
810 4371 894 4420 Vs.
935 4374 1058 4421 1144
1093 4388 1197 4436 sqq.

705 4465 748 4528 2)
816 4466 874 4517 D.
901 4467 944 4516 L
984 4466 1067 4527 X,
1095 4467 1154 4518 73
1172 4504 1184 4525 ,
1215 4466 1306 4520 74:
1334 4469 1415 4517 καὶ
1439 4469 1604 4519 πάλιν
1627 4468 1893 4519 διαλύεται
1918 4470 2107 4531 πάντα,
2136 4472 2197 4519 τὰ
2235 4471 2326 4532 μὲν
2349 4472 2547 4522 θᾶττον
2572 4469 2635 4520 τᾰ
2666 4470 2715 4521 δὲ
2737 4470 3082 4535 βραδύτερον,

642 4562 726 4612 καὶ
773 4558 838 4611 ra*
886 4564 975 4626 μὲν
1022 4560 1124 4615 ὑπὸ
1170 4562 1374 4613 τοιῶνδε
1431 4561 1496 4612 τά
1544 4562 1694 4615 δ’ὑπὸ
1743 4563 1945 4614 τοιῶνδε
1994 4566 2146 4615 τοῦτο
2203 4567 2513 4629 πάσχοντα.
2546 4565 2704 4625 δῆλον
2752 4565 2844 4614 οὖν
2890 4567 2958 4624 ὡς
3001 4566 3086 4615 καὶ

641 4655 859 4720 φθαρτοὶ
895 4656 942 4706 οἱ
987 4656 1190 4718 κόσμοι,
1237 4656 1682 4721 μεταβαλλόντων
1729 4664 1833 4708 τῶν
1878 4664 2053 4723 μερῶν.
