3529 5359
1627 382 1705 445 17

442 584 658 669 mina,
729 592 794 650 et
860 591 1036 650 tactu
1103 586 1582 672 percipiuntur,
1651 605 1805 669 ergo
1874 589 2065 649 sunt:
2123 585 2293 648 unde
2354 586 2533 672 sequi
2591 587 2887 652 videtur:

444 703 641 767 atomi
685 724 814 767 non
857 703 1200 787 videntur,
1247 709 1530 768 attamen
1575 702 1698 767 alio
1746 723 1937 767 sensu
1980 702 2420 788 percipiuntur
2444 753 2461 786 ,
2509 723 2662 789 ergo
2700 711 2888 788 sunt,

444 819 614 906 quod
681 825 902 906 aperte
946 819 1176 885 falsum
1223 826 1360 902 est,
1409 819 1709 905 quoniam
1755 818 2011 882 omnino
2058 819 2254 882 atomi
2296 818 2471 884 nullo
2516 840 2705 884 sensu
2748 841 2890 906 per-

445 938 786 1024 cipiuntur.
856 975 938 984 —-
1010 938 1284 1021 Cetera,
1345 958 1510 1024 quae
1577 937 1762 1000 affert
1820 941 2051 1022 poeta,
2118 936 2325 1021 magis
2392 942 2540 1001 sunt
2584 937 2666 1002 ad
2709 958 2887 1002 rem:

443 1055 535 1120 ibi
600 1077 852 1142 quoque
917 1055 1318 1121 concluditur
1385 1075 1593 1141 neque
1662 1075 1853 1118 sensu
1896 1053 2248 1139 percipitur
2272 1103 2289 1138 ,
2336 1060 2551 1141 partes
2596 1055 2891 1120 minimas

444 1194 584 1238 esse
627 1173 697 1236 in
741 1173 974 1257 rebus,
1022 1194 1184 1259 quae
1230 1195 1352 1237 usu
1399 1173 1860 1236 diminuuntur.

531 1291 768 1356 Contra
851 1289 1260 1377 philosophos
1285 1339 1302 1374 ,
1388 1291 1498 1377 qui
1562 1288 1885 1374 negabant
1947 1309 2017 1352 re
2085 1309 2239 1353 vera
2304 1309 2607 1353 vacuum·
2645 1309 2783 1354 esse
2819 1287 2889 1374 ¹),

444 1408 784 1474 Lucretius
842 1409 972 1492 ait,
1041 1414 1296 1494 praeter
1361 1413 1605 1472 atomos
1666 1428 1805 1471 esse
1851 1428 2124 1471 vacuum
2168 1407 2237 1470 in
2282 1406 2653 1492 corporibus
2678 1455 2695 1490 ,
2763 1428 2891 1471 non

442 1525 724 1612 undique
770 1525 1034 1610 stipatas
1079 1525 1417 1590 cohaerere
1461 1531 1704 1590 atomos
1735 1521 1802 1608 2).

534 1642 718 1718 Quod
758 1644 817 1706 >si
862 1665 990 1707 non
1035 1649 1236 1726 esset,
1303 1644 1380 1708 ‘1⁰
1420 1643 1597 1707 nulla
1640 1643 1885 1706 ratione
1930 1641 2174 1706 moveri
2217 1662 2318 1705 res
2365 1647 2659 1727 possent,
2720 1641 2891 1728 prin-

447 1759 685 1845 cipium
729 1759 1025 1845 quoniam
1075 1757 1341 1822 cedendi
1387 1760 1564 1823 nulla
1617 1757 1799 1823 daret
1850 1779 1986 1842 res,
2055 1757 2209 1843 quin
2260 1757 2420 1821 imo:
2468 1758 2688 1842 genita
2734 1765 2893 1838 (cor-

447 1878 623 1961 pora)
699 1875 953 1939 omnino
1020 1875 1198 1940 nulla
1264 1874 1509 1939 ratione
1554 1874 1865 1956 fuissent,
1926 1873 2207 1960 undique
2250 1873 2550 1938 materies
2594 1873 2894 1959 quoniam

449 1995 684 2080 stipata
729 1995 1052 2081 quiesset3
1122 1993 1192 2057 2Ο
1243 2014 1445 2079 aquae
1493 1998 1831 2078 ceteraque
1877 1992 2073 2056 fluida
2116 2013 2244 2056 non
2288 2013 2402 2077 per
2448 2013 2605 2056 saxa
2648 2012 2895 2077 perma-

448 2116 696 2194 narent,
727 2117 804 2175 ut
831 2111 900 2174 iu
930 2112 1249 2197 speluncis
1279 2111 1598 2175 interdum
1630 2110 1920 2193 videtur3
1954 2109 2022 2173 30
2050 2109 2307 2195 plantae
2340 2114 2404 2172 et
2436 2109 2739 2173 animalia
2766 2130 2895 2175 non

449 2234 834 2312 crescerent,
881 2229 1032 2315 quia
1077 2228 1254 2292 cibus
1301 2249 1415 2313 per
1447 2248 1710 2313 corpora
1738 2248 1868 2291 non
1908 2232 2123 2313 posset
2157 2225 2493 2309 distribui3
2540 2225 2611 2290 4⁰
2654 2227 2897 2290 sonitus

447 2366 563 2430 per
631 2345 788 2410 dura
849 2366 1113 2430 corpora
1156 2365 1279 2408 non
1329 2345 1631 2408 transiret
1675 2365 1885 2430 neque
1932 2343 2131 2429 frigus
2178 2342 2258 2406 ad
2304 2364 2444 2407 ossa
2486 2348 2893 2428 penetraret3

451 2460 522 2526 5⁰
563 2461 737 2526 aliud
768 2483 996 2548 corpus
1028 2461 1158 2545 alii,
1189 2462 1329 2547 pari
1359 2461 1704 2544 volumine,
1749 2461 2030 2547 pondere
2060 2482 2189 2524 non
2217 2465 2591 2546 praestaret.
2653 2458 2894 2534 Quodsi

451 2579 726 2644 obicitur
751 2629 768 2662 ,
814 2580 1021 2665 pisces
1069 2578 1363 2643 celeriter
1405 2601 1560 2644 nare
1603 2600 1719 2664 per
1766 2600 1997 2664 aquam
2022 2627 2039 2661 ,
2085 2599 2231 2642 cum
2276 2583 2491 2642 tamen
2522 2598 2797 2643 vacuum
2826 2577 2895 2641 in

450 2718 527 2762 ea
580 2719 709 2763 non
755 2698 1177 2783 percipiatur,
1247 2699 1416 2784 quia
1441 2719 1644 2785 aquae
1688 2698 1901 2763 locum
1946 2703 2259 2783 occupant
2303 2720 2342 2761 a
2386 2697 2667 2783 piscibus
2711 2698 2894 2762 relic-

449 2820 630 2898 tum,
698 2815 1041 2901 respondet
1108 2821 1361 2899 noster,
1429 2816 1496 2879 id
1561 2815 2051 2902 phaenomenon
2110 2816 2323 2901 potius
2391 2816 2660 2901 probare
2708 2836 2894 2879 suum

450 2930 690 2996 dictum
758 2953 947 3019 quam
1015 2931 1349 3015 refellere,
1419 2954 1570 2997 nam
1635 2932 1892 2996 initium
1952 2938 2164 2996 motus
2226 2932 2491 3016 cogitari
2535 2953 2663 2995 non
2708 2953 2894 3018 posse

448 3048 574 3113 nisi
617 3049 808 3113 inane
855 3049 977 3132 sit,
1038 3070 1162 3135 quo
1209 3071 1375 3135 aqua
1418 3055 1664 3113 remota
1706 3050 1955 3114 refluat.
2046 3049 2379 3113 Postremo
2426 3049 2680 3113 additur
2723 3049 2898 3113 aliud

427 3173 940 3252 ==argumentum,
1013 3189 1138 3253 quo
1209 3167 1601 3233 demonstrat
1667 3158 1861 3253 poeta
1926 3187 2093 3250 non,
2160 3172 2234 3231 ut
2298 3167 2365 3230 in
2425 3167 2853 3254 superioribus
2876 3216 2894 3251 ,

449 3284 640 3349 inane
673 3306 812 3349 esse
843 3284 910 3348 in
941 3285 1343 3370 corporibuS,
1377 3284 1490 3349 sed
1521 3285 1717 3349 etiam
1745 3306 2023 3350 vacuum
2052 3285 2192 3349 fieri
2223 3305 2408 3371 posse
2440 3306 2556 3370 per
2589 3306 2676 3349 se.
2724 3286 2893 3350 Nam

452 3402 506 3465 si
538 3402 699 3485 duo,
729 3401 966 3488 inquit,
999 3422 1297 3486 corpora,
1331 3401 1603 3465 alterum
1635 3422 1778 3466 cum
1804 3401 2005 3466 altero
2038 3402 2477 3485 coniunctum,
2510 3402 2635 3466 cito
2667 3402 2894 3467 dissili-

449 3524 605 3600 unt,
650 3539 923 3583 vacuum
969 3538 1106 3582 esse
1154 3517 1386 3601 debet,
1433 3518 1732 3604 quoniam
1764 3539 1876 3583 aer
1904 3539 2222 3605 quemque
2252 3518 2495 3601 locum,
2536 3520 2706 3584 inter
2734 3520 2894 3586 haec

452 3658 718 3723 corpora
783 3642 1028 3719 ortum,
1096 3658 1224 3700 non
1287 3636 1510 3700 eodem
1579 3637 1885 3722 temporis
1926 3643 2164 3722 puncto
2210 3637 2527 3723 complere
2572 3644 2784 3724 potest
2831 3644 2896 3703 et

452 3754 705 3819 etiamsi
740 3759 988 3839 posset,
1030 3760 1248 3819 tamen
1279 3754 1345 3817 id
1377 3754 1586 3840 ipsum
1617 3776 1834 3817 rursus
1865 3754 2003 3819 fieri
2036 3776 2163 3819 non
2194 3760 2442 3839 posset,
2489 3756 2613 3819 nisi
2644 3756 2711 3820 in
2743 3776 2891 3820 aere

448 3872 591 3957 ipso
632 3892 905 3935 vacuum
949 3876 1136 3935 esset.
1192 3870 1474 3953 Deinde,
1505 3876 1648 3956 post
1679 3891 2047 3954 excursum,
2095 3891 2256 3958 quae
2291 3872 2683 3956 praecedunt
2718 3892 2893 3937 resu-

449 4009 636 4054 mens
701 3988 789 4054 sic
854 3989 1066 4075 pergit
1123 3994 1354 4073 poeta:
1424 3988 1700 4072 „omnis,
1768 3994 1842 4053 ut
1910 3996 2048 4072 est,
2112 3989 2309 4074 igitur
2368 4010 2483 4075 per
2551 4012 2619 4055 se
2664 3997 2895 4055 natura

453 4104 701 4172 duabus
767 4106 1050 4171 constitit
1115 4105 1184 4169 in
1242 4104 1468 4169 rebus:
1538 4127 1688 4171 nam
1749 4127 2015 4192 corpora
2074 4112 2263 4190 sunt,
2332 4112 2398 4171 et
2442 4108 2665 4192 inane,
2734 4107 2895 4173 haec

523 4427 558 4486 ¹)
629 4428 764 4479 Stob.
782 4428 889 4478 Ecl.
911 4427 955 4488 I,
975 4428 1096 4480 378:
1133 4432 1306 4491 θηλῆς
1329 4431 1414 4481 καὶ
1437 4429 1594 4493 ἕτεροι
1617 4431 1817 4494 φυσικοὶ
1855 4431 1909 4478 τὸ
1946 4435 2094 4481 κενὸν
2116 4432 2185 4489 ὡς
2217 4432 2379 4487 ὅντως
2402 4434 2547 4481 κενὸν
2568 4428 2895 4495 ἀπέγνωσαν.

450 4523 826 4588 Ἐμπεδοιελῆςε
863 4524 978 4576 οὐδὲ
1015 4544 1064 4575 τι
1096 4528 1185 4575 τοῦ
1221 4530 1418 4583 παντὸς
1451 4529 1622 4577 κενεὸν
1656 4525 1800 4575 nixa
1822 4524 1955 4587 ,οὐδὲ
1997 4526 2255 4589 περιττόν.
2318 4523 2394 4574 cf.
2421 4524 2554 4573 Plut.
2578 4523 2703 4587 plac.
2730 4523 2787 4586 Ι,
2819 4528 2893 4575 18.

522 4616 562 4677 ²)
627 4617 840 4681 Versus,
897 4618 984 4683 qui
1027 4623 1303 4684 sequuntur
1351 4618 1645 4684 (331—333)
1694 4624 1828 4669 recte
1877 4617 2084 4669 Lotzius
2114 4618 2169 4667 in
2202 4618 2381 4669 Philol.
2415 4618 2554 4679 VII,
2602 4634 2651 4683 p.
2688 4621 2784 4669 699
2814 4618 2896 4669 hic

449 4711 705 4777 omittere,
739 4718 912 4765 contra
939 4714 1152 4766 inserere
1183 4721 1297 4779 post
1327 4719 1422 4765 399
1455 4714 1578 4765 mihi
1609 4714 1823 4767 videtur.

2595 4812 2637 4877 2
