3529 5359
1864 384 1982 442 112

701 588 916 646 autem
964 582 1282 645 elementa
1327 581 1437 644 illa
1469 601 1606 644 esse
1637 581 1797 644 mihi
1829 583 2159 664 videntur,
2208 605 2369 668 quae
2403 582 2737 648 Lucretius
2768 591 3139 665 enumerat,

697 721 845 763 nam
906 700 1100 763 atomi
1149 720 1285 762 esse
1330 720 1458 762 non
1504 707 1769 784 possunt
1815 723 1959 763 cum
2006 701 2126 764 hae
2175 702 2300 765 sint
2347 703 2793 765 immutabiles,
2846 741 2924 749 —
2960 703 3141 766 Ordi-

697 838 844 880 nem
891 822 1408 899 argumentorum
1456 815 1642 900 apud·
1671 817 2043 879 Lucretium
2090 823 2336 880 rectum
2380 839 2516 881 esse
2547 839 2783 901 negare
2816 818 3137 882 debemus,

698 940 980 1008 Quatuor
1048 935 1364 996 elementa
1430 934 1724 997 mortalia
1792 955 1928 997 esse
2001 934 2542 999 demonstraturus
2602 942 2778 999 erat:
2848 942 2913 999 at
2971 957 3139 1000 nunc

697 1051 990 1136 quintum
1058 1049 1234 1113 addit
1294 1049 1554 1112 aethera
1617 1056 1680 1112 et
1739 1072 1956 1114 rursus
2002 1057 2236 1115 terram
2281 1073 2409 1114 non
2462 1052 2741 1133 „validas
2786 1053 2928 1115 aevi
2971 1053 3138 1116 vires

695 1169 1018 1254 perferre’'
1067 1166 1363 1231 ostendit.
1441 1166 1510 1230 Si
1556 1173 1809 1231 textum
1854 1168 2051 1251 igitur
2094 1170 2431 1233 restituere
2476 1170 2770 1238 volumus
2799 1191 2891 1233 νε.
2925 1173 3135 1234 306-

697 1288 821 1349 317
868 1291 1010 1370 post
1053 1307 1145 1348 νε.
1195 1287 1321 1348 260
1367 1290 1431 1348 et
1475 1306 1567 1348 νε.
1618 1287 1959 1367 318-323
2006 1292 2150 1371 post
2196 1289 2323 1350 280
2368 1286 2497 1370 legi
2544 1286 2796 1350 debent.

779 1403 1029 1467 Deinde
1098 1402 1272 1466 aliud
1340 1408 1435 1465 est
1502 1409 1991 1485 argumentum:
2062 1405 2455 1488 expugnatio
2513 1405 2684 1467 enim
2730 1404 2957 1468 Troiae
3002 1405 3133 1468 bel-

689 1521 949 1612 lumque
1017 1519 1395 1583 Thebanum
1459 1520 1899 1604 antiquissima
1959 1528 2106 1583 sunt
2150 1521 2316 1584 facta
2362 1543 2522 1606 quae
2570 1545 2607 1585 a
2651 1523 2857 1607 poetis
2899 1543 3132 1586 memo-

685 1643 948 1700 rantur:
1020 1656 1170 1719 ergo
1238 1641 1405 1698 terra
1471 1641 1686 1698 nostra
1744 1656 1968 1698 recens
2036 1642 2133 1698 est
2197 1636 2383 1701 facta.
2476 1637 2659 1711 Quod
2706 1637 2758 1700 si
2804 1639 3131 1701 contendis

686 1760 876 1818 antea
937 1753 1148 1817 omnia
1217 1753 1437 1817 eadem
1483 1753 1677 1816 fuisse
1724 1753 1837 1817 sed
1880 1755 2029 1837 igne
2075 1755 2180 1817 vel
2225 1777 2389 1840 aqua
2433 1755 2725 1818 interisse
2773 1756 3128 1840 quondam,

687 1877 903 1935 tamen
948 1876 1213 1956 apparet
1265 1870 1574 1952 „exitium
1621 1892 1871 1956 quoque
1919 1878 2233 1936 terrarum
2280 1873 2565 1958 caelique
2609 1873 2933 1956 futurum,
2985 1895 3133 1937 nam

689 2010 832 2052 cum
899 2009 1000 2051 res
1069 1989 1264 2052 tantis
1331 1989 1572 2052 morbis
1639 1989 1960 2075 tantisque
2029 1991 2283 2075 periclis
2348 1996 2815 2075 temptarentur
2840 2041 2855 2072 ‚
2924 1991 3013 2054 ibi
3080 1991 3133 2053 si

620 2155 624 2159 .
689 2107 930 2168 tristior
973 2105 1365 2169 incubuisset
1399 2127 1623 2188 causa,
1671 2105 1895 2170 darent
1925 2107 2055 2170 late
2088 2107 2335 2171 cladem
2364 2128 2754 2194 magnasque
2784 2108 3040 2171 ruinas”
3074 2111 3130 2191 ¹).

684 2223 884 2288 Stoici
940 2229 1170 2287 'autem
1237 2228 1580 2308 putarunt:
1651 2225 1799 2305 μετὰ
1867 2227 1983 2301 τὴν
2045 2229 2394 2310 ἐκπύρωσιν
2450 2227 2645 2290 πάλιν
2692 2227 2895 2291 πάντα
2940 2227 3131 2291 ταύτὰ

683 2345 749 2407 ἐν
795 2347 880 2428 τῷ
925 2343 1139 2426 κόσμῳ
1188 2346 1477 2426 γίνεσθαι
1524 2343 1650 2406 κατ’
1697 2343 2001 2427 ἀριθμὸν,
2049 2345 2135 2417 ὡς
2182 2349 2278 2409 καὶ
2325 2345 2436 2408 τὸν
2484 2341 2658 2417 ἰδίως
2703 2345 2891 2408 ποιὸν
2936 2344 3133 2409 πάλιν

681 2462 795 2524 τὸν
864 2460 1057 2524 αὐτὸν
1127 2464 1215 2544 τῷ
1281 2461 1567 2543 πρόσθεν
1637 2461 1794 2523 εἶναί
1852 2488 1915 2524 τε
1961 2465 2057 2525 καὶ
2104 2464 2393 2543 ’γίνεσθαι
2439 2463 2645 2544 ἐκείνῳ
2690 2465 2779 2545 τῷ
2824 2462 3035 2544 κόσμῳ
3065 2458 3131 2542 2).

681 2575 830 2638 Non
876 2575 1078 2638 solum
1124 2574 1273 2657 igne
1318 2593 1542 2637 verum
1595 2574 1789 2637 etiam
1835 2597 1999 2660 aqua
2043 2574 2163 2638 hae
2208 2575 2595 2642 mutationes
2640 2574 2818 2637 fiunt.
2891 2574 3133 2638 Seneca

682 2699 810 2756 nat.
842 2715 946 2778 qu.
971 2692 1095 2755 III.
1130 2694 1232 2755 27.
1295 2692 1477 2755 Haec
1525 2699 1936 2775 argumenta,
1971 2715 2239 2778 quorum
2274 2694 2551 2756 alterum
2586 2712 2620 2756 e
2651 2700 2881 2756 natura
2908 2693 3128 2756 mundi

684 2817 781 2874 est
850 2815 1206 2893 sumptum,
1273 2810 1545 2873 alterum
1590 2830 1742 2872 vero
1790 2831 1873 2872 ex
1919 2809 2183 2873 historia
2209 2860 2225 2892 ,
2289 2810 2576 2896 sequitur
2622 2811 2883 2872 tertium
2926 2810 3129 2894 magis

684 2927 1044 2991 absolutum
1124 2932 1187 2989 et
1262 2926 1734 2990 dialecticorum
1802 2947 1977 2989 more
2052 2926 2464 2989 elaboratum.
2574 2926 2873 3008 Singulos
2950 2948 3127 2991 casus

683 3044 1230 3131 praetermittens,
1274 3043 1522 3129 quaerit
1561 3042 1714 3127 quid
1743 3044 1999 3107 omnino
2030 3043 2227 3127 possit
2247 3043 2515 3106 'interire
2542 3092 2558 3126 ,
2612 3043 2763 3128 quid
2794 3050 3122 3107 aeternum

687 3162 787 3225 sit.
859 3141 1243 3242 „Praeterea
1287 3181 1448 3245 quae
1497 3180 1766 3247 cumque
1811 3164 2073 3223 manent
2117 3164 2378 3222 aeterna
2421 3165 2748 3223 necessust
2778 3166 2933 3243 aut,
2981 3161 3127 3245 quia

687 3286 834 3345 sunt
901 3279 1099 3342 solido
1161 3301 1304 3342 cum
1352 3299 1655 3363 corpore,
1725 3297 2027 3362 respuere
2073 3276 2237 3340 ictus
2284 3297 2401 3339 nec
2447 3282 2782 3362 penetrare
2826 3278 2962 3362 pati
3006 3277 3122 3340 sibi
3216 3264 3223 3271 ”

685 3397 1059 3484 quicquam,
1132 3395 1304 3482 quod
1364 3401 1556 3482 queat
1601 3401 1771 3459 artas
1817 3394 2155 3458 dissociare
2201 3394 2374 3457 intus
2419 3395 2654 3479 partis,
2718 3400 2791 3457 ut
2836 3395 3122 3458 materiai

683 3536 948 3601 corpora
993 3520 1179 3596 sunt,
1229 3535 1494 3599 quorum
1538 3519 1833 3579 naturam
1880 3513 2267 3577 ostendimus
2314 3519 2505 3596 ante,
2554 3518 2664 3576 aut
2708 3513 2851 3576 ideo
2901 3513 3119 3577 durare

681 3774 926 3841 coguntur
977 3775 1132 3825 alium
1177 3775 1341 3825 locum
1373 3775 1436 3824 iis
1468 3774 1684 3824 tribuere
1703 3811 1717 3835 ‚
1769 3780 1830 3824 ut
1873 3776 2155 3825 Gassendus
2174 3812 2186 3835 ,
2238 3774 2386 3823 nimis
2420 3776 2652 3825 audacem
2688 3760 2926 3825 adhibens
2960 3791 3115 3825 emen-

682 3869 944 3920 dationem.
1015 3870 1112 3920 Sed
1161 3885 1249 3917 cur
1295 3885 1396 3917 non
1444 3870 1608 3931 potuit
1656 3868 1761 3919 sive
1810 3868 1863 3917 in
1912 3868 2051 3919 libris
2085 3873 2199 3933 περὶ
2236 3870 2425 3933 ephes-uc
2460 3870 2565 3919 sive
2598 3869 2651 3918 in
2690 3886 2869 3934 magna
2916 3870 3115 3934 epitome

681 3963 830 4013 etiam
880 3965 940 4013 de
973 3963 1169 4014 aethere
1201 3978 1360 4012 sermo
1392 3978 1498 4011 esse
1515 3999 1527 4023 ‚
1565 3962 1652 4027 qui
1683 3968 1840 4012 totam
1859 3959 2051 4013 'terram
2084 3964 2353 4013 circumdet
2370 4000 2383 4023 ,
2436 3964 2507 4013 ita
2538 3968 2597 4012 ut
2627 3964 2748 4013 haec
2782 3964 2829 4013 ei
2862 3962 3114 4027 supervehi

680 4062 732 4109 et
781 4058 923 4123 quasi
953 4059 1177 4108 innatare
1209 4056 1308 4106 dici
1338 4056 1494 4120 possit
1511 4094 1525 4119 ,
1571 4056 1859 4119 praesertim
1892 4074 2003 4107 cum
2038 4060 2206 4108 eodem
2239 4060 2382 4108 modo
2416 4058 2677 4108 Lucretius
2712 4060 2770 4107 de
2804 4074 2863 4107 eo
2894 4059 3115 4123 loquatur

679 4170 752 4204 νε.
791 4157 980 4203 318-3
988 4156 1046 4201 23
1068 4153 1090 4201 P
1155 4150 1414 4221 Eiusmodi
1445 4152 1786 4201 annotationes
1806 4189 1818 4213 ‚
1869 4168 2005 4201 nexu
2034 4168 2232 4215 prorsus
2266 4152 2461 4203 sublato
2478 4192 2490 4213 ,
2536 4152 2731 4216 saepius
2762 4152 2974 4203 insertae
3006 4157 3114 4201 sunt

679 4264 710 4297 a
743 4247 980 4311 Diogene.

747 4342 783 4404 ¹)
854 4342 939 4391 Vs.
977 4342 1245 4389 324—350.
1299 4339 1400 4389 Hic
1424 4339 1626 4392 statuit:
1662 4340 1845 4402 „habet
1863 4341 2135 4391 novitatem
2158 4358 2351 4391 summa
2368 4380 2380 4403 ‚
2416 4358 2683 4407 recensque
2704 4346 2929 4392 naturast
2951 4340 3115 4392 mundi

676 4452 837 4501 neque
886 4436 1076 4499 pridem
1109 4434 1308 4485 exordia
1342 4434 1504 4498 cepit”
1547 4437 1639 4497 (vs.
1677 4440 1771 4485 330
1802 4473 1815 4496 ,
1850 4439 1963 4499 31);
2002 4437 2086 4486 sed
2120 4437 2193 4486 II.
2228 4436 2389 4486 ¹1150:
2444 4437 2673 4501 „iamque
2706 4439 2826 4487 adeo
2858 4438 3017 4487 fracta
3047 4443 3117 4487 est

678 4536 812 4580 aetas
830 4567 842 4590 ‚
879 4530 1120 4594 effetaque
1152 4528 1330 4579 teHus”
1367 4532 1479 4579 cett.
1521 4529 1656 4593 Ergo
1689 4530 2023 4582 animadverte
2056 4547 2205 4596 quam
2238 4532 2413 4582 debilis
2446 4538 2497 4582 et
2526 4535 2703 4582 misera
2728 4532 2793 4583 sit
2813 4533 2935 4583 haec
2958 4539 3087 4583 terra
3102 4570 3114 4594 ,

677 4640 804 4690 quae
836 4624 1034 4674 iuvenis
1065 4624 1166 4673 iam
1199 4624 1410 4673 senescit
1427 4660 1441 4685 ,
1478 4622 1566 4673 vix
1597 4628 1716 4673 nata
1747 4624 1849 4673 iam
1880 4630 2089 4676 mortem
2122 4626 2241 4676 obit.

741 4719 784 4785 ²)
855 4719 998 4768 Alex.
1034 4719 1183 4769 Anal.
1218 4735 1292 4782 pr.
1329 4720 1406 4767 58.
