3529 5359
1537 383 1612 448 11

367 587 484 647 est.
574 583 749 649 Luce
817 583 987 647 enim
1054 589 1152 649 est
1218 584 1446 649 clarius
1490 583 1888 671 Epicurum,
1950 587 2070 652 etsi
2114 608 2183 652 se
2226 588 2429 653 ullum
2472 593 2797 656 auctorem

369 681 656 765 secutum
701 720 839 766 esse
904 701 1167 786 negavit
1193 702 1242 784 ¹)
1311 706 1378 766 et
1421 701 1837 767 Aristotelem
1897 704 2149 771 ἄσωτον
2194 708 2636 794 καταφαγόντα
2680 709 2797 784 τὴν

365 816 663 906 πατρῴαν
707 819 934 885 οὐσίαν
979 823 1417 904 στρατεύεσθαι
1471 825 1567 886 καὶ
1617 820 2147 906 φαρμακοπωλεῖν
2192 821 2355 885 dixit
2380 823 2426 906 ²)
2452 871 2469 904 ,
2516 821 2637 886 sibi
2685 842 2801 887 sua

364 935 532 1001 bona
589 937 958 1001 assumsisse
986 987 1002 1019 ,
1065 937 1175 1001 ubi
1233 957 1311 1002 ea
1379 938 1697 1002 inveniret
1722 987 1740 1021 ,
1809 944 1884 1002 ut
1951 936 2071 1002 hoc
2137 938 2365 1022 adagio
2433 943 2596 1003 utar.
2711 937 2799 1002 Et

367 1075 512 1118 cum
557 1075 866 1141 nusquam
911 1054 1248 1119 Lucretius
1291 1055 1658 1120 Aristotelis
1701 1056 2095 1120 mentionem
2140 1056 2366 1120 fecerit
2412 1061 2478 1120 et
2524 1077 2559 1119 e
2604 1056 2799 1142 pluri-

364 1169 484 1234 bus
555 1169 807 1235 indiciis
879 1177 1182 1258 appareat
1250 1193 1395 1236 eum
1467 1173 1809 1257 stagiritae
1878 1173 2175 1259 operibus
2239 1173 2481 1238 nullam
2541 1194 2798 1259 operam

367 1286 613 1352 dedisse
640 1337 657 1371 ,
728 1309 873 1354 cum
939 1288 1019 1353 ab
1087 1290 1224 1353 eius
1289 1290 1547 1375 ingenio
1614 1310 1871 1376 prorsus
1918 1295 2128 1354 essent
2175 1290 2384 1354 aliena
2407 1340 2425 1374 ,
2491 1289 2800 1355 eiusmodi

364 1405 489 1469 loci
535 1426 784 1493 quoque
804 1457 820 1489 ,
866 1429 1022 1494 quos
1068 1428 1152 1471 ex
1196 1407 1562 1473 Aristotelis
1607 1408 1857 1493 scriptis
1900 1412 1975 1471 ut
2018 1428 2165 1472 cum
2196 1408 2487 1472 Lucretii
2517 1406 2802 1472 doctrina

367 1521 769 1587 conferantur
833 1523 1163 1588 laudamus
1187 1573 1204 1606 ,
1274 1523 1456 1588 nobis
1499 1545 1538 1588 a
1580 1529 1773 1610 poeta
1817 1545 1901 1588 ex
1945 1529 2096 1588 noto
2142 1529 2207 1588 et
2253 1523 2490 1588 celebri
2536 1523 2799 1609 Epicuri

363 1638 537 1703 fonte
610 1639 822 1704 hausti
896 1661 1035 1704 esse
1106 1641 1419 1705 videntur.
1510 1641 1821 1706 Attamen
1879 1641 2106 1706 horum
2165 1641 2446 1706 locorum
2498 1661 2801 1705 numerus

364 1760 462 1819 est
507 1755 822 1820 minimus.
915 1757 1215 1843 Plerique
1260 1757 1382 1822 loci
1426 1778 1581 1843 quos
1629 1779 1712 1822 ex
1759 1757 2111 1822 Aristotele
2158 1756 2521 1840 laudamus,
2567 1758 2800 1822 Demo-

365 1870 509 1936 criti
555 1876 619 1936 et
665 1873 975 1959 Leucippi
1019 1872 1256 1958 placita
1305 1874 1608 1939 referunt.

450 1987 766 2074 Epicurus
830 1991 897 2054 in
963 1991 1168 2076 prima
1233 1996 1414 2076 parte
1476 1993 1685 2077 operis
1730 1998 1867 2079 περὶ
1916 1996 2162 2080 φύσεως
2184 2041 2202 2075 ,
2248 1997 2322 2055 ut
2365 1991 2434 2055 in
2478 1990 2799 2077 epistolis,

365 2107 672 2172 nonnulla
713 2109 1078 2194 praemisit,
1148 2129 1309 2195 quae
1379 2108 1461 2174 ad
1527 2109 1897 2175 canonicam
1946 2110 2083 2174 sive
2128 2109 2400 2194 logicam
2447 2107 2800 2173 doctrinam

365 2225 719 2310 pertinent:
790 2224 867 2288 de
923 2199 1275 2288 'verborum
1333 2246 1485 2290 vera
1529 2225 1989 2310 significatione
2010 2274 2027 2308 ,
2073 2245 2155 2288 ne
2200 2225 2267 2288 in
2312 2198 2799 2309 ambiguitatem

363 2341 747 2425 incidamus,
797 2348 862 2406 et
907 2341 985 2405 de
1016 2342 1286 2407 criteriis
1315 2347 1407 2425 ut,
1453 2341 1606 2428 quid
1636 2362 1859 2406 verum
1891 2341 2000 2424 sit,
2040 2341 2429 2426 investigare
2463 2340 2795 2426 possimus.
2877 2373 2881 2378 ³

366 2457 677 2532 Quoniam
724 2458 894 2523 enim
939 2459 1006 2522 in
1051 2465 1355 2545 sequente
1401 2464 1581 2545 parte
1627 2459 1836 2544 operis
1882 2457 1959 2522 de
2005 2457 2273 2535 ἀδήλοις
2304 2457 2587 2522 dicturus
2625 2461 2797 2540 erat,

364 2595 622 2640 necesse
705 2575 766 2639 ei
833 2576 1041 2641 visum
1123 2581 1220 2640 est
1287 2576 1564 2662 primum
1633 2574 1844 2640 dicere
1912 2575 2093 2661 quasi
2160 2575 2571 2640 fundamento
2641 2593 2799 2660 opus

367 2714 541 2777 esse,
611 2716 734 2782 quo
781 2695 992 2771 omnia
1053 2715 1216 2781 quae
1261 2699 1669 2781 quaerantur,
1731 2694 1810 2759 de
1856 2694 2085 2781 quibus
2130 2693 2526 2779 ambigamus
2551 2743 2567 2775 ,
2635 2712 2798 2778 quae

365 2812 732 2898 opinemur,
816 2812 1038 2876 referri
1107 2812 1349 2898 possint
1397 2811 1460 2895 ³).
1568 2812 1711 2877 Hoc
1786 2812 2271 2876 fundamentum
2355 2811 2415 2876 ei
2489 2815 2587 2875 est
2660 2829 2800 2874 sen-

370 2949 554 2993 suum
599 2930 959 2994 auctoritas.
1051 2929 1378 3004 Quomodo
1423 2935 1639 2995 autem
1684 2930 1845 2993 haec
1892 2929 2377 2994 fundamentum
2422 2948 2559 2992 esse
2602 2926 2801 3013 possit

363 3051 507 3132 post
551 3044 900 3111 doctrinam
946 3045 1024 3111 de
1070 3046 1421 3111 simulacris
1465 3045 1785 3130 ostendit;
1830 3047 2047 3133 itaque
2073 3095 2090 3130 ,
2137 3046 2436 3133 quoniam
2480 3049 2616 3108 tota
2660 3044 2798 3109 eius

366 3162 768 3249 philosophia
811 3163 878 3227 in
944 3163 1207 3249 physica
1269 3162 1556 3228 doctrina
1620 3164 1851 3227 nititur
1866 3213 1883 3246 ,
1945 3163 2126 3251 quasi
2192 3164 2260 3227 in
2326 3162 2631 3227 circulum
2676 3160 2793 3225 cir-

369 3280 606 3344 cumire
675 3282 942 3377 cogitur,
1009 3281 1491 3345 fundamentum
1558 3281 1677 3345 toti
1723 3280 2047 3345 doctrinae
2102 3280 2418 3345 subiciens
2461 3279 2527 3343 id
2545 3328 2562 3362 ,
2627 3276 2794 3364 quod

367 3399 506 3485 ipsa
573 3399 827 3463 demum
894 3397 1179 3463 doctrina
1243 3397 1657 3463 demonstrari
1717 3404 1928 3485 potest
1974 3420 2199 3463 verum
2243 3418 2381 3462 esse
2424 3396 2795 3460 fundamen-

368 3520 524 3579 tum.
614 3514 992 3598 Lucretius,
1039 3515 1149 3600 qui
1191 3514 1259 3577 in
1304 3515 1503 3579 solam
1541 3514 1844 3600 physicae
1876 3514 2226 3579 doctrinam
2256 3512 2585 3595 incubuit,
2630 3510 2795 3575 hanc

367 3633 637 3719 primam
700 3638 950 3719 partem
1008 3632 1218 3697 omisit
1287 3639 1353 3697 et
1419 3653 1582 3719 quae
1651 3632 1728 3696 de
1798 3633 2099 3697 canonica
2164 3630 2446 3696 docenda
2504 3635 2685 3694 erant
2728 3628 2792 3693 in

370 3749 600 3814 librum
647 3756 943 3836 quartum
974 3750 1243 3813 inseruit
1262 3800 1278 3832 ,
1325 3772 1448 3836 quo
1478 3771 1695 3814 rursus
1728 3749 1967 3814 factum
1997 3754 2122 3832 est,
2166 3754 2238 3813 ut
2265 3748 2469 3812 multa
2495 3747 2563 3811 in
2591 3745 2793 3810 tribus

366 3868 682 3954 prioribus
727 3868 904 3932 libris
949 3868 1182 3953 scripta
1226 3872 1448 3954 quarto
1494 3865 1749 3931 demum
1794 3867 1956 3931 libro
1986 3867 2267 3952 perlecto
2296 3866 2461 3929 bene
2504 3862 2794 3947 intellegi

367 3985 630 4070 possint.
700 3983 913 4048 Etiam
967 3985 1020 4048 si
1060 3990 1312 4070 tempus
1343 3984 1402 4048 ei
1435 3984 1653 4049 datum
1685 3990 1853 4049 esset
1882 4005 2039 4070 opus
2068 3982 2485 4065 retractandi,
2530 3982 2793 4047 fortasse

368 4110 584 4170 tamen
627 4102 748 4167 hoc
792 4102 1018 4167 vitium
1064 4123 1193 4166 non
1239 4100 1671 4184 emendasset,
1733 4102 1884 4187 quia
1928 4123 2073 4166 cum
2115 4106 2251 4165 tota
2295 4100 2504 4186 operis
2546 4099 2793 4163 ratione

369 4221 462 4285 ita
505 4226 602 4285 est
646 4220 1086 4303 coniunctum,
1132 4226 1205 4283 ut
1247 4220 1360 4284 vix
1404 4218 1728 4284 emendari
1763 4219 1982 4305 possit.

435 4528 471 4587 1)
538 4527 816 4588 nux,

435 4622 476 4688 τ)
546 4620 820 4683 nux,

432 4716 474 4783 ⁸)
549 4714 829 4780 unx,

855 4530 929 4577 13.

856 4624 884 4671 8

863 4718 941 4767 38.
