3529 5359
1843 430 1933 494 20

667 635 798 702 ἔστι
817 683 838 716 ,
881 635 1036 701 εἶναι
1079 635 1300 700 κενόν·
1345 632 1522 710 ὅλως
1563 639 1678 717 μὲν
1723 633 1847 699 οὖν
1888 636 2103 711 mione
2144 639 2447 716 κινήσεως
2494 634 2823 719 οὖδαμῶς,
2868 635 2969 704 διὸ
3014 643 3111 704 καὶ

670 752 1002 820 Μέλισσον
1044 751 1276 818 ausae
1300 772 1318 787 ·
1363 751 1795 818 ἀλλοιοῦσθαι
1837 751 1965 838 γᾶρ
2009 754 2085 816 τὸ
2128 753 2369 837 πλῆρες
2412 752 2723 842 ἐνδέχεται
2740 804 2761 834 ,
2818 755 2995 822 mc?
3037 753 3114 834 δὴ

668 866 812 936 οὐδὲ
878 871 996 946 τὴν
1054 867 1208 934 xuni
1261 870 1470 934 τόπον
1535 874 1805 945 κίνησιν·
1852 869 1977 949 ἅμα
2020 871 2147 955 γὰρ
2190 869 2503 957 ἐνδέχεται
2554 869 2863 946 ὑπεξιέναι
2912 872 3113 948 ἆλλῆ-

667 986 814 1063 λοις
833 1035 854 1067 ‚
920 984 1184 1063 οὐδενὸς
1253 989 1446 1066 ὄντος
1513 983 1938 1067 διαστήματος
1996 994 2319 1073 χωριστοῦ
2385 987 2555 1073 παραὶ
2620 989 2699 1055 τὰ
2741 991 2997 1066 σώματα
3038 989 3115 1056 ‘ni

667 1106 996 1187 κινούμενα
1021 1151 1039 1167 .
1110 1108 1208 1169 καὶ
1281 1110 1474 1168 τοῦτο
1540 1100 1743 1178 δῆλον
1808 1108 1909 1168 καὶ
1962 1106 2029 1168 ἐν
2101 1113 2241 1179 ταῖς
2311 1110 2445 1170 τῶν
2512 1111 2811 1193 συνεχῶν
2868 1104 3073 1183 δίναις
3091 1155 3113 1188 ‚

668 1222 876 1307 ὥσπερ
943 1225 1042 1286 καὶ
1101 1224 1170 1286 ἐν
1208 1230 1348 1300 ταῖς
1391 1224 1522 1284 τῶν
1563 1221 1805 1305 ὑγρῶν.
1894 1219 2295 1306 Principium
2320 1269 2341 1304 ,
2384 1221 2555 1307 quod
2596 1222 3005 1286 Democritus
3048 1228 3115 1287 et

673 1339 1044 1424 Leucippus
1084 1337 1262 1403 hisce
1305 1337 1700 1422 argumentis
1744 1337 2155 1401 subiecerunt
2170 1387 2189 1413 ,
2256 1337 2379 1403 1100
2423 1346 2522 1402 est
2540 1389 2557 1421 ‚
2602 1339 2773 1425 quod
2817 1339 2943 1404 duo
2981 1361 3115 1404 cor·

667 1477 826 1542 pora
883 1477 1012 1519 non
1079 1455 1268 1518 simul
1309 1453 1534 1519 eodem
1577 1455 1718 1518 loeo
1763 1475 1903 1520 esse
1948 1461 2255 1541 possunt:
2321 1455 2514 1520 huius
2556 1457 2855 1543 principii
2896 1464 3115 1522 tamen

668 1573 1009 1638 Lucretius
1049 1573 1444 1636 mentionem
1488 1594 1618 1636 non
1660 1571 1834 1636 facit.

754 1688 974 1753 Genus
1039 1688 1612 1772 argumentationis
1677 1689 1965 1753 Lucretii
2018 1694 2086 1752 et
2129 1688 2393 1774 Epicuri
2438 1689 2697 1754 omnino
2741 1696 2842 1754 est
2884 1691 3113 1755 simile.

665 1804 774 1869 Ab
836 1805 1148 1868 eiusmodi
1201 1803 1847 1889 contemplationibus
1865 1853 1883 1886 ‚
1936 1826 2095 1889 quas
2134 1805 2487 1869 abstractas
2530 1826 2759 1869 vocare
2804 1807 3079 1870 solemus
3094 1856 3113 1890 ,

665 1929 934 2008 uterque
957 1921 1297 1986 abhorret:
1344 1921 1458 1984 sed
1486 1921 1827 1985 Lucretius
1847 1970 1866 2004 ,
1896 1922 2227 1986 Romanae
2264 1922 2497 1986 indolis
2524 1925 2846 2009 particeps
2861 1973 2879 2006 ‚
2917 1925 3113 1988 etiam

670 2041 879 2124 magis
944 2061 1134 2126 quam
1210 2039 1548 2125 Epicurus.
1637 2038 1740 2101 De
1798 2045 1887 2125 τῷ
1951 2059 2081 2102 esse
2143 2039 2319 2125 loqui
2370 2039 2565 2126 idque
2632 2041 2897 2105 definire
2941 2042 3003 2105 ei
3046 2042 3115 2104 in

665 2163 950 2220 mentem
1003 2179 1130 2220 non
1174 2157 1354 2220 venit
1373 2206 1390 2238 ‚
1446 2177 1829 2242 quamquam
1874 2178 2003 2220 non
2047 2178 2589 2242 supervacaneum
2634 2159 2877 2222 fuisset.
2962 2159 3113 2222 Iure

665 2273 788 2338 hoc
853 2273 1082 2338 vitium
1141 2273 1366 2338 Cicero
1409 2272 1744 2358 Epicureis
1791 2272 2006 2336 obicit.
2094 2273 2192 2337 Eo
2237 2274 2539 2358 ambigua
2580 2296 2709 2339 non
2754 2297 2957 2361 pauca
3000 2297 3113 2339 ex-

665 2392 970 2457 stiterunt
1014 2391 1184 2478 apud
1228 2391 1602 2456 Lucretium
1626 2441 1644 2473 ,
1691 2392 1972 2477 exempli
2017 2393 2225 2475 gratia
2249 2442 2267 2474 ,
2312 2393 2381 2455 in
2425 2393 2891 2476 significatione
2932 2394 3113 2457 verbi

666 2529 818 2573 esse.
874 2509 1058 2584 Quod
1101 2531 1294 2572 versu
1338 2511 1468 2572 440
1513 2509 1708 2573 dicit:
1760 2530 1914 2595 „per
1957 2530 2027 2572 se
2072 2509 2513 2595 quodcumque
2558 2511 2682 2573 erit
2706 2559 2723 2592 ,
2768 2517 2879 2594 aut
2922 2510 3113 2574 faciet

667 2626 823 2713 quid
867 2633 980 2691 aut
1023 2626 1166 2691 aliis
1207 2626 1390 2711 fungi
1435 2625 1728 2710 debebit,
1774 2626 2115 2711 agentibus
2158 2627 2369 2713 ipsum
2393 2677 2411 2710 ,
2458 2634 2569 2691 aut
2614 2628 2740 2692 erit
2768 2635 2841 2692 ut
2870 2629 3115 2715 possint

663 2744 734 2807 in
793 2765 870 2808 eo
911 2765 1016 2808 res
1061 2765 1198 2808 esse
1243 2744 1572 2830 gerique”‚
1637 2743 1797 2808 haec
1842 2744 2163 2829 tripartita
2206 2744 2525 2807 sententia
2570 2745 2680 2807 vix
2726 2744 3114 2808 definitionis

664 2861 862 2925 habet
905 2863 1074 2926 vim:
1131 2862 1539 2946 perspicuum
1583 2868 1682 2925 est
1725 2860 2177 2947 philosophum
2222 2882 2365 2925 eam
2407 2863 2693 2947 posuisse
2718 2912 2736 2944 ,
2781 2870 3114 2949 postquam

665 2979 890 3042 statuit
935 2986 1180 3043 atomos
1224 2986 1290 3042 et
1331 2980 1522 3043 inane
1567 2978 1704 3042 sola
1745 3000 1863 3064 per
1906 3000 1975 3043 se
2020 3000 2159 3042 esse
2197 2980 2258 3060 ¹).
2330 2978 2551 3042 Nihilo
2594 2979 2843 3043 facilius
2888 2985 2985 3043 est
3028 3001 3113 3043 ex

666 3116 742 3161 eo
767 3146 784 3179 ‚
845 3097 1015 3183 quod
1075 3097 1228 3161 dicit
1251 3146 1268 3179 ,
1329 3102 1403 3160 ut
1446 3096 1674 3182 probet
1717 3103 1973 3181 praeter
2015 3097 2207 3160 inane
2253 3104 2320 3160 et
2361 3118 2633 3161 vacuum
2678 3098 2941 3161 tertium
2984 3119 3113 3161 non

669 3232 808 3275 esse
833 3262 850 3295 ,
921 3212 1357 3276 definitionem
1429 3218 1693 3298 petere:
1786 3234 1973 3295 „nam
2017 3211 2436 3298 quodcunque
2481 3214 2603 3277 erit
2627 3262 2645 3295 ‚
2690 3234 2831 3277 esse
2875 3213 3115 3300 aliquid

667 3328 926 3393 debebit
990 3329 1059 3392 id
1125 3330 1378 3415 ipsum”
1403 3328 1500 3413 ²);
1566 3331 1620 3393 si
1685 3330 1866 3414 tangi
1910 3336 2121 3415 potest
2145 3380 2163 3412 ,
2207 3330 2275 3392 in
2329 3351 2663 3415 corporum
2706 3352 2971 3394 numero
3018 3336 3115 3394 est

664 3445 1036 3510 habendum
1060 3496 1077 3529 ,
1147 3447 1200 3510 si
1267 3448 1448 3531 tangi
1515 3468 1643 3511 non
1696 3453 1911 3533 potest
1928 3496 1945 3529 ‚
2015 3446 2097 3510 ad
2140 3469 2412 3511 vacuum
2458 3448 2825 3533 pertinebit.
2912 3448 3113 3513 Arist.

667 3562 866 3649 Phys·
912 3564 1034 3629 IV.
1083 3566 1163 3627 7:
1223 3569 1402 3647 σῶμα
1449 3562 1512 3631 δὲ
1556 3565 1755 3630 πάλιν
1802 3565 1973 3630 ἅπαν
2017 3565 2255 3630 οἴονται
2303 3565 2458 3630 εἶναι
2503 3566 2730 3631 ἁπτόν.
2818 3565 3115 3629 Vacuum

669 3680 987 3767 Epicurus
1031 3682 1238 3769 ἀναφῆ
1287 3686 1478 3770 φύσιν
1519 3689 1725 3746 vocat.
1773 3683 1854 3746 D.
1902 3683 1978 3746 L.
2026 3682 2113 3745 X.
2160 3684 2266 3745 40.

756 3801 958 3865 Inane
1025 3800 1223 3884 igitur
1265 3821 1396 3864 non
1439 3800 1566 3864 alio
1610 3800 1799 3864 modo
1844 3807 1935 3864 est
1977 3822 2169 3886 quam
2213 3822 2439 3886 corpus
2469 3798 2565 3884 ³),
2633 3802 2787 3887 quin
2830 3802 2960 3865 imo
3005 3823 3116 3887 ap-

739 4106 780 4161 ¹)
846 4105 987 4171 Epic.
1022 4108 1154 4171 apud
1187 4107 1252 4157 D.
1271 4107 1330 4157 L.
1367 4106 1446 4168 X,
1481 4108 1544 4159 67
1578 4110 1691 4157 nas·
1731 4107 1919 4159 ἑαυτὸν
1953 4108 2003 4159 δὲ
2034 4110 2128 4159 οὐκ
2160 4108 2268 4157 ἔστι
2300 4112 2538 4169 νοῆσαι
2572 4128 2631 4158 τυ
2665 4109 2941 4172 ἀσώματον
2972 4110 3119 4168 πλὴν

676 4202 760 4253 lari
795 4204 891 4253 τοῦ
923 4205 1100 4253 κενοῦ.
1144 4206 1202 4254 τὸ
1236 4202 1286 4251 δὲ
1320 4206 1468 4255 κενὸν
1500 4204 1616 4253 οὔτε
1649 4208 1927 4261 ποιῆσαι
1968 4203 2086 4253 οὔτε
2115 4204 2359 4253 παθεῖν
2393 4200 2643 4264 δύναται,
2683 4204 2823 4255 ἀλλὰ
2865 4204 3118 4264 κίνησιν

675 4298 836 4362 μόνον
870 4296 930 4347 δι’
967 4296 1150 4349 ἑαυτοῦ
1185 4302 1294 4357 τοῖς
1327 4300 1522 4362 σώμασι
1554 4302 1853 4363 παρέχεται.

737 4392 784 4453 ²)
849 4392 936 4442 Vs.
971 4396 1083 4441 433.

735 4486 778 4550 ³)
844 4485 1090 4549 Epicusus
1123 4502 1318 4551 quoque
1349 4486 1578 4537 similiter
1609 4504 1714 4538 esse
1745 4491 1891 4552 putat
1924 4491 1983 4539 τὸ
2016 4503 2123 4537 esse
2158 4490 2248 4537 τοῦ
2283 4488 2515 4551 σώματος
2548 4492 2600 4537 et
2633 4490 2725 4538 τοῦ
2758 4490 2923 4539 κενοῦ.
2980 4487 3117 4538 Plut.
3228 4483 3231 4484 ⁷

671 4579 786 4628 adv.
824 4578 928 4629 Col.
966 4579 1125 4629 XVI:
1196 4582 1478 4645 σοφώτερος
1533 4580 1582 4631 δὲ
1619 4584 1708 4630 τοῦ
1744 4583 2031 4638 Πλάτωνος
2064 4582 2091 4631 ὃ
2124 4582 2460 4643 Ἐπίκουρος,
2495 4578 2529 4645 ᾖ
2564 4580 2738 4630 πάντα
2773 4579 2957 4643 ὁμοίως
2988 4583 3117 4632 ὄντα

673 4674 1136 4740 προσαγορεύεται,
1209 4679 1269 4727 τὸ
1331 4677 1522 4741 ἀναφὲς
1573 4678 1749 4737 κενὸν,
1808 4680 1867 4728 τὸ
1918 4674 2213 4740 ἀντερεῖδον
2258 4680 2431 4740 σῶμα,
2489 4677 2583 4734 τὰς
2625 4676 2824 4740 ἀρχὰς,
2883 4678 2948 4726 τὰ
2996 4694 3119 4742 συγ-

672 4766 914 4833 κρίματα.
