3529 5359
1209 1031 1750 1125 CAPUT
1837 1033 2667 1142 QUARTUM.

1511 1578 1634 1638 DE
1693 1577 2379 1639 stultiut-Aenus,

1676 1782 1889 1862 (Lucr.
1934 1782 2044 1845 lib.
2091 1781 2233 1865 IV).

805 1975 1162 2039 Inferorum
1225 1975 1337 2040 illa
1401 1975 1710 2059 formido,
1782 1998 1973 2062 quam
2039 1976 2340 2061 Epicurei
2409 1975 2722 2062 imprimis
2791 1997 3159 2063 oppugnare

722 2097 786 2155 et
832 2093 1156 2177 expellere
1226 2113 1309 2156 ex
1376 2092 1706 2156 hominum
1768 2094 1995 2158 animis
2049 2093 2431 2176 studebant,
2500 2093 2679 2178 vulgi
2726 2100 2790 2158 et
2834 2094 3165 2158 nonnullo-

719 2231 862 2273 rum
927 2209 1451 2297 philosophorum
1512 2211 1918 2297 opinionibus
1964 2212 2186 2295 augeri
2230 2211 2602 2294 videbatur,
2672 2211 2779 2298 qui
2826 2211 3166 2276 credebant

717 2326 1049 2391 hominum
1097 2329 1340 2392 animos
1386 2335 1534 2392 ante
1580 2330 1778 2393 vitam
1826 2337 1889 2393 et
1934 2336 2077 2414 post
2120 2335 2390 2393 mortem
2417 2380 2433 2412 ,
2480 2352 2518 2393 a
2556 2351 2817 2415 corpore
2851 2331 3167 2395 seiunctos

722 2442 1002 2508 humana
1069 2445 1280 2529 specie
1351 2444 1646 2526 indutOS‚
1714 2466 1829 2531 per
1898 2451 2133 2510 terram
2200 2451 2263 2509 et
2332 2446 2577 2510 coelum
2635 2446 2896 2530 vagari,
2976 2452 3165 2533 atque

728 2560 1109 2625 daemonum
1155 2562 1356 2625 instar
1399 2560 1733 2626 horribiles
1780 2569 2041 2647 aspectu
2087 2564 2350 2627 miseros
2395 2563 2694 2627 mortales
2725 2563 2974 2649 insequi
3008 2569 3072 2626 et
3102 2564 3167 2627 in

722 2679 985 2742 somniis
1053 2700 1168 2765 per
1226 2678 1514 2744 horridas
1558 2688 1777 2745 noctes
1820 2682 2175 2745 viventium
2221 2682 2464 2745 animos
2509 2687 2885 2766 perterrere.
2979 2681 3166 2745 Hanc

721 2795 1101 2861 daemonum
1168 2798 1446 2883 speciem
1513 2820 1657 2862 cum
1726 2797 2148 2884 Empedocles
2218 2805 2281 2863 et
2327 2800 2513 2863 Plato
2574 2805 2711 2862 tum
2766 2799 3165 2863 Xenocrates

720 2913 1052 2977 hominum
1119 2914 1348 2977 animis
1406 2914 1703 2978 tribuisse
1757 2915 2073 2980 videntur.
2164 2916 2313 2980 Huc
2360 2936 2609 3003 quoque
2656 2916 2971 2980 referendi
3018 2922 3165 2980 sunt

725 3031 1011 3095 Lucretii
1072 3052 1292 3095 versus
1325 3033 1408 3115 ¹):
1501 3054 1656 3113 „nec
1700 3033 1947 3097 ratione
1994 3034 2119 3097 alia
2163 3035 2374 3120 (quam
2418 3034 2697 3099 humana
2741 3034 2980 3121 specie)
3025 3056 3167 3099 nos-

720 3156 852 3213 met
896 3171 1250 3236 proponere
1283 3150 1466 3214 nobis
1512 3172 1847 3235 possumus
1892 3150 2171 3215 infernas
2217 3152 2460 3216 animas
2504 3151 2877 3216 Acherunte
2910 3152 3165 3236 vagari,

721 3267 996 3351 pictores
1054 3267 1270 3354 itaque
1333 3273 1397 3330 et
1443 3268 1822 3353 scriptorum
1868 3267 2075 3331 saecla
2119 3268 2331 3353 priora
2376 3268 2464 3331 sic
2510 3268 2752 3331 animas
2795 3267 3165 3332 introduxe-

720 3389 869 3446 runt
915 3384 1202 3447 sensibus
1248 3385 1530 3449 auctas.’'
1578 3384 1761 3449 Haec
1808 3392 2023 3449 autem
2069 3385 2434 3469 superstitio
2464 3392 2615 3448 nata
2660 3406 2796 3449 esse
2844 3386 3097 3450 videtur
3128 3407 3161 3449 e

721 3502 985 3586 spectris
1054 3501 1461 3566 delirantium
1528 3503 1773 3567 animos
1817 3503 2202 3567 vexantibus
2222 3552 2238 3584 ,
2301 3508 2366 3566 et
2414 3523 2497 3566 ex
2543 3503 2621 3565 iis
2666 3524 2827 3589 quae
2872 3504 3164 3567 videmus

718 3617 787 3681 in
854 3618 1089 3682 somnis
1114 3667 1131 3701 ‚
1200 3640 1345 3684 cum
1412 3640 1602 3705 saepe
1677 3620 1951 3704 „figuras
2018 3620 2377 3684 contuimur
2443 3620 2635 3683 miras
2706 3620 3163 3707 simulacraque

718 3734 862 3798 luce
909 3741 1278 3817 carentum,
1327 3756 1490 3822 quae
1535 3758 1650 3801 nos
1694 3736 1987 3801 horrifice
2032 3738 2395 3821 languentis
2441 3758 2629 3822 saepe
2685 3758 2908 3823 sopore
2955 3738 3164 3802 excie-

718 3852 909 3915 runt”
936 3850 1000 3936 ²).
1091 3853 1274 3917 Haec
1320 3860 1601 3940 spectra,
1649 3875 1812 3940 quae
1872 3854 2103 3938 vulgus
2147 3875 2367 3918 manes
2413 3860 2805 3919 mortuorum
2849 3876 2986 3919 esse
3033 3877 3164 3920 cre-

722 3968 954 4052 debat,
1021 3969 1324 4055 Epicurei
1391 3977 1461 4034 ut
1506 3977 1750 4034 metum
1797 3977 1861 4035 et
1906 3992 2249 4055 angorem,
2319 3971 2549 4057 quibus
2593 3971 2881 4035 homines
2928 3973 3164 4036 crucia-

720 4092 904 4168 rent,
950 4086 1029 4149 iis
1076 4087 1437 4172 eriperent,
1486 4088 1836 4152 secundum
1882 4072 2206 4153 doctrinae
2251 4089 2568 4174 principia
2612 4066 2935 4175 explicare
2981 4110 3165 4153 cona-

785 4422 821 4483 ι)
890 4423 981 4473 111
1001 4459 1015 4484 ,
1068 4423 1180 4475 627.
1250 4423 1348 4474 Pro
1398 4426 1608 4473 humana
1645 4428 1791 4488 specie
1834 4430 1979 4490 poeta
2030 4442 2200 4476 manes
2247 4429 2453 4490 quinque
2501 4428 2708 4475 semibus
2740 4425 2862 4477 dicit
2891 4426 3137 4490 praeditos
3153 4462 3167 4487 ,

723 4534 840 4567 cum
883 4522 1230 4581 argumentum
1262 4518 1316 4567 id
1346 4497 1532 4582 poseat.
1579 4520 1871 4571 Tenendum
1904 4526 1980 4572 est
2011 4537 2126 4571 eum
2158 4537 2221 4571 ex
2254 4521 2541 4572 condicione
2573 4521 2733 4587 loqui:
2769 4526 2847 4584 „si
2876 4520 3167 4572 immortalis

715 4615 896 4661 natura
928 4610 1210 4662 animaist.”

781 4707 823 4773 ²)
889 4708 1038 4758 Lucr.
1074 4708 1119 4758 1.
1159 4712 1250 4758 132
1285 4724 1420 4774 seqq.
1456 4710 1547 4761 IV.
1584 4715 1644 4761 33
1678 4727 1813 4777 seqq.
