3529 5359
1880 354 1961 416 92

708 552 855 612 sunt
897 555 1008 612 aut
1050 555 1260 615 rectae
1298 551 1375 634 ¹),
1421 551 1590 637 quod
1634 551 1990 638 προλήψεσι
2036 551 2365 617 diiudicari
2410 551 2617 617 debet.
2666 551 2733 618 Si
2762 552 2957 616 falsae
2986 558 3131 616 sunt

707 662 828 727 hoc
871 664 1019 728 inde
1064 666 1280 750 oritur,
1325 668 1493 754 quod
1537 670 1611 733 τὸ
1655 666 1889 753 ψεῦδος
1936 674 2032 734 καὶ
2078 670 2150 734 τὸ
2196 667 2685 755 διημαρτημένον
2728 674 2795 734 ἒν
2825 674 2911 755 τῷ
2938 697 3131 754 προσ-

709 778 1106 870 δοξαζομένῳ
1163 785 1257 851 ἆεί
1316 789 1439 851 ἐστι
1483 785 1633 852 κατα
1677 788 1791 864 τὴν
1836 791 2075 863 κίνησιν
2121 790 2185 852 ἐν
2232 789 2379 863 ἡμῖν
2426 788 2678 866 αὐτοῖς,
2746 789 3132 869 συνημμένην

709 903 786 984 τῇ
847 908 1226 988 φανταστικῇ
1269 901 1564 989 ἐπιβολῇ.
1654 902 1883 966 Altera
1925 923 2118 985 Vero,
2164 903 2583 988 perspicuitas
2635 903 2777 984 Sive,
2814 905 3132 988 ἐνάργεια,

714 1015 1010 1099 quoniam
1049 1038 1086 1080 a
1116 1017 1402 1082 sensibus
1431 1019 1579 1082 solis
1609 1019 1883 1104 pendet,
1933 1042 2256 1106 nunquam
2279 1027 2490 1107 potest
2514 1021 2674 1085 falsa
2699 1041 2837 1084 esse
2866 1042 2880 1082 :
2926 1023 3042 1095 τήν
3072 1047 3134 1084 τε

709 1131 1003 1208 αἴσθησιν
1049 1132 1474 1212 ἆναληπτικὴν
1518 1135 1716 1203 οὖσαν
1746 1142 1875 1204 τῶν
1906 1139 2392 1204 ὑποπιπτόντων
2424 1140 2624 1230 αὐτῇ,
2657 1143 2753 1204 καὶ
2784 1141 2932 1218 μήτε
2962 1136 3134 1223 ἀφαι-

711 1251 955 1336 ροῢσᾶν
998 1280 1056 1317 τι
1098 1256 1247 1334 μήτε
1291 1257 1739 1338 προστιθεῖσαν
1778 1257 1925 1334 μήτε
1955 1257 2382 1336 μετατιθεῖσαν
2410 1261 2497 1342 τῷ
2530 1255 2777 1342 ἄλογον
2808 1254 2995 1338 εἶναι,
3039 1250 3138 1320 3ιᾶ

710 1370 951 1448 παντός
1003 1376 1065 1434 τε
1132 1370 1502 1448 ἀληθεύειν,
1568 1375 1664 1436 καὶ
1732 1371 1895 1435 οὕτω
1942 1371 2013 1436 τὸ
2059 1372 2137 1436 ὂν
2182 1369 2538 1456 λαμβάνειν
2584 1373 2669 1448 ὡς
2717 1372 2846 1460 εἶχε
2893 1373 3135 1457 φύσεως

711 1483 864 1549 αὐτὸ
911 1488 1102 1551 ἐκεῖνο
1125 1534 1143 1566 ,
1204 1486 1404 1570 (Sext.
1450 1485 1636 1572 Emp.
1683 1486 1825 1550 adv.
1871 1485 2074 1550 Math.
2119 1486 2307 1552 VIII.
2356 1490 2417 1565 9)
2465 1487 2675 1552 aiebat
2718 1488 3052 1574 Epicurus.

801 1601 1116 1676 Quoniam
1170 1623 1320 1688 ergo
1365 1624 1582 1668 omnes
1635 1624 1856 1667 sensus
1899 1605 2036 1668 veri
2080 1610 2267 1687 sunt,
2313 1609 2523 1690 potest
2567 1605 2804 1691 aliquid
2849 1604 3139 1689 cognosci

717 1725 783 1783 et
827 1721 1111 1807 percipi,
1157 1742 1364 1807 neque
1411 1719 1701 1806 scepticis
1745 1720 2140 1806 philosophis
2194 1721 2665 1786 concedendum
2695 1728 2791 1786 est
2820 1722 3140 1785 hominem

717 1837 808 1900 nil
874 1837 1034 1902 scire
1100 1859 1302 1924 posse.
1392 1839 1573 1903 Haec
1640 1839 1953 1904 fluctuans
1998 1845 2063 1903 et
2106 1840 2350 1903 incerta
2393 1840 2553 1903 ratio
2598 1839 2675 1903 iis
2719 1840 2970 1926 placere
3014 1860 3142 1903 non

717 1958 1009 2038 poterat,
1078 1955 1186 2041 qui
1246 1976 1555 2018 summam
1601 1954 2015 2019 stabilitatem
2062 1961 2127 2019 et
2172 1954 2537 2019 firmitatem
2582 1955 3010 2042 quaerebant,
3072 1960 3143 2018 ut

717 2070 932 2157 quiete
975 2072 1087 2135 illa
1129 2071 1520 2155 fruerentur,
1568 2093 1729 2159 quae
1776 2072 1909 2136 sola
1954 2072 2235 2136 animum
2278 2092 2507 2158 pacare
2551 2077 2782 2157 posset.
2850 2072 3143 2155 Pugnam

721 2208 872 2272 ergo
939 2188 1241 2253 adversus
1308 2190 1617 2275 scepticos
1684 2195 2098 2275 susceperunt
2143 2188 2461 2274 Epicurei.
2553 2189 2621 2252 Si
2666 2188 2804 2275 quis
2848 2193 3031 2275 putat
3076 2208 3143 2251 se

715 2305 877 2369 nihil
938 2307 1133 2390 scire,
1196 2307 1506 2392 quomodo
1564 2306 1631 2370 id
1692 2307 1851 2370 scire
1917 2303 2173 2393 potest?
2264 2307 2387 2382 Qui
2456 2305 2846 2390 distinguere
2890 2325 3144 2391 possum

715 2421 885 2485 inter
949 2422 1107 2486 illud
1174 2423 1341 2509 quod
1385 2430 1482 2487 est
1527 2423 1687 2487 scire
1732 2429 1924 2508 atque
1969 2422 2213 2486 nescire
2237 2423 2268 2485 Ρ
2356 2422 2576 2487 Omnis
2618 2421 2779 2486 ratio
2823 2419 3060 2506 pendet
3105 2442 3144 2484 a

716 2539 1003 2603 sensibus
1026 2537 1114 2623 ²),
1184 2540 1293 2626 qui
1360 2540 1412 2603 si
1477 2540 1746 2622 fallunt,
1815 2540 1977 2604 ratio
2039 2559 2287 2627 quoque
2357 2545 2453 2603 est
2494 2539 2671 2602 falsa.
2761 2539 2987 2623 Neque
3031 2537 3145 2601 uni

717 2656 967 2721 cuidam
1035 2657 1249 2721 sensui
1313 2657 1458 2743 plus
1522 2655 1672 2721 fidei
1738 2655 2103 2722 habendum
2171 2662 2267 2721 est
2326 2677 2515 2743 quam
2559 2655 2860 2742 reliquiS,
2928 2675 3145 2720 omnes

719 2792 921 2858 aeque
967 2777 1113 2837 sunt
1156 2774 1334 2857 veri,
1391 2794 1597 2859 neque
1644 2773 1852 2838 eidem
1899 2773 2112 2837 sensui
2155 2794 2283 2837 uno
2328 2778 2613 2857 tempore
2658 2772 2801 2857 plus
2844 2770 2993 2835 fidei
3034 2770 3146 2835 ha-

720 2890 998 2955 bendum
1043 2896 1141 2955 est
1185 2912 1376 2978 quam
1421 2892 1565 2957 alio.
1657 2891 1879 2956 Omnis
1919 2892 2083 2956 ratio
2108 2940 2125 2974 ,
2184 2891 2326 2978 ipsa
2369 2910 2619 2976 quoque
2663 2890 2797 2954 vita
2840 2887 3143 2972 concidit,

719 3006 773 3069 si
841 3007 1126 3071 sensibus
1179 3029 1306 3071 non
1351 3008 1620 3093 amplius
1666 3007 1823 3071 fides
1868 3012 1965 3071 est
2008 3006 2319 3071 habenda.
2411 3006 2479 3071 Si
2521 3005 2933 3070 fundamenta
2976 3004 3145 3069 aedi-

717 3122 844 3187 ficii
910 3130 1058 3187 sunt
1115 3146 1312 3211 prava
1376 3130 1566 3211 atque
1620 3124 1894 3207 debilia,
1961 3130 2097 3188 tota
2157 3123 2378 3188 domus
2444 3124 2693 3187 ruinam
2740 3128 2985 3186 trahet:
3055 3122 3146 3186 sic

720 3246 854 3305 tota
917 3240 1078 3305 ratio
1142 3241 1297 3306 falsa
1358 3243 1480 3306 erit
1525 3242 1577 3305 si
1623 3262 1845 3305 sensus
1889 3241 2119 3328 quibus
2164 3240 2389 3304 nititur
2408 3290 2424 3323 ,
2472 3261 2507 3304 e
2553 3239 2781 3326 quibus
2826 3243 2963 3302 orta
3006 3243 3142 3320 est,

720 3364 866 3422 sunt
910 3358 1069 3423 falsi.

784 3638 825 3703 ¹)
894 3638 959 3687 D.
995 3638 1053 3687 L.
1090 3641 1184 3686 34:
1243 3640 1343 3698 τήν
1393 3637 1442 3687 δὲ
1489 3637 1641 3694 δόξαν
1673 3639 1755 3687 καὶ
1794 3635 2059 3701 ὑπόληψιν
2106 3636 2372 3701 λέγουσιν,
2412 3635 2586 3695 ἀληθῆ
2638 3636 2689 3682 τὲ
2720 3644 2841 3697 φασι
2874 3631 3146 3698 καὶψευδῆ

723 3735 1024 3800 τυγχάνειν.
1063 3734 1130 3783 ἂν
1151 3736 1242 3795 μὲν
1276 3735 1371 3799 γὰρ
1407 3710 1813 3797 ἐπιμαρτυρῆται
1848 3732 1877 3791 ἣ
1911 3732 1979 3794 μὴ
2012 3732 2477 3795 ἀντιμαρτυρῆται,
2514 3729 2685 3789 ἀληθῆ
2708 3730 2834 3777 εἶναι
2860 3740 2869 3751 ·
2894 3726 2984 3776 ἐὰν
3006 3725 3147 3789 δὲμὴ

720 3826 1124 3890 ἐπιμαρτυρῆται
1160 3827 1190 3887 ἢ
1223 3828 1686 3889 ἀντιμαρτυρῆται,
1720 3823 1877 3887 ψευδῆ
1912 3826 2201 3889 τυγχάνειν.

785 3920 828 3981 ²)
893 3920 1063 3971 Cicero
1105 3920 1394 3984 προλήψεις
1443 3918 1554 3968 illas
1602 3918 1825 3969 nominat
1873 3923 2153 3981 anteceptas
2186 3916 2351 3966 animo
2381 3914 2454 3965 rei
2486 3916 2721 3979 quasdam
2752 3913 3118 3963 informationes
3132 3949 3146 3974 ,

720 4016 826 4067 sive
873 4016 1244 4080 anticipationes
1292 4015 1375 4066 vel
1406 4014 1552 4065 etiam
1584 4014 1953 4078 praenotiones:
2002 4015 2061 4063 de
2093 4014 2142 4062 Ν
2145 4018 2211 4061 at.
2246 4014 2375 4062 deor.
2413 4011 2439 4060 I
2476 4027 2581 4073 cap.
2620 4013 2677 4059 16
2712 4016 2762 4059 et
2798 4011 2889 4061 17:
2924 4024 3011 4073 per
3041 4015 3149 4057 ante

722 4111 803 4161 vel
841 4128 962 4173 prae
1006 4111 1061 4160 in
1109 4110 1243 4161 hisce
1292 4110 1455 4162 verbis
1501 4107 1782 4174 compositis
1830 4114 1996 4159 tamen
2028 4106 2269 4171 expressit
2301 4105 2505 4155 minime
2536 4110 2721 4155 rectam
2752 4102 3057 4153 sententiam.
3104 4102 3148 4151 E

722 4206 880 4271 capite
934 4209 989 4260 17
1038 4207 1166 4257 enim
1214 4211 1415 4270 apparet
1464 4222 1576 4256 eum
1625 4205 1817 4268 opinari
1846 4205 1936 4254 has
1971 4203 2257 4268 προλήψεις
2292 4205 2465 4251 insitas
2496 4200 2578 4252 vel
2609 4199 2773 4264 potius
2806 4201 2996 4247 innatae
3027 4213 3147 4247 esse.

721 4304 791 4351 At
840 4304 971 4367 quod
1019 4301 1279 4352 Lucretius
1323 4317 1471 4366 supra
1509 4301 1562 4350 in
1610 4304 1754 4350 textu
1776 4280 1906 4350 ¹dicit
1938 4300 1999 4349 ab
2031 4298 2247 4362 Epicuro
2279 4298 2596 4347 confirmatur
2627 4294 2845 4344 dicente:
2890 4294 2954 4342 D.
2989 4293 3046 4342 L.
3082 4293 3147 4341 X.

723 4401 814 4447 23:
853 4401 959 4457 πᾶς
990 4403 1086 4465 γὰρ
1123 4400 1273 4464 λόγος
1305 4400 1409 4450 ἀπὸ
1444 4403 1545 4447 τῶν
1578 4398 1864 4455 αἰσθήσεων
1896 4396 2144 4459 ἤρτητοι;
2184 4409 2299 4457 ergo
2332 4392 2529 4441 innatae
2562 4407 2666 4441 esse
2698 4407 2797 4440 non
2828 4392 3033 4453 possunt
3062 4403 3149 4437 eae

719 4492 958 4543 notiones.
1026 4494 1158 4551 Quid
1199 4492 1300 4542 sint
1348 4493 1629 4557 προλήψεις
1661 4490 1767 4554 ipse
1798 4490 2043 4555 Epicurus
2075 4488 2201 4539 dixit
2234 4488 2297 4538 D.
2332 4489 2391 4538 L.
2428 4486 2494 4535 X.
2530 4490 2623 4534 33:
2674 4486 2771 4545 τὴν
2803 4484 2851 4534 δὲ
2888 4482 3149 4548 πρόληψιν

722 4592 954 4657 λέγουσιν
985 4590 1132 4641 οἱονεὶ
1166 4590 1458 4651 κατάληψιν
1477 4591 1509 4649 ἦ
1532 4590 1685 4644 δόξαν
1705 4590 1868 4651 ὀρθὴν
1890 4589 1921 4647 ἣ
1944 4588 2146 4638 ἔννοιαν
2170 4586 2203 4645 ἢ
2225 4585 2507 4643 καᾶολιιεήν
2530 4584 2709 4641 νόησιν
2729 4579 3145 4642 ἐναποκειμένην,

725 4685 1018 4735 τουτέστι
1063 4688 1318 4749 μνήμην
1351 4690 1455 4735 τοῦ
1493 4686 1807 4741 πολλάκις
1840 4683 2076 4741 ἔξωθεν
2108 4682 2433 4747 φανέντος
2459 4714 2470 4725 .
2499 4714 2511 4725 .
2542 4714 2552 4725 .
2590 4677 2665 4727 cf.
2703 4691 2829 4740 quae
2860 4678 3146 4739 sequuntur.
