3529 5359
1522 405 1642 465 169

357 607 650 691 magistri
697 627 838 671 6886
881 605 1318 687 intellexeris,
1366 626 1495 668 non
1539 605 1815 690 amplius
1857 605 2126 690 negabis
2155 605 2531 670 Lucretium
2560 605 2807 690 reliqua

356 746 609 810 quoque
654 725 736 790 ab
765 746 840 788 eo
873 724 1214 808 sumpsisse
1240 772 1256 805 ,
1303 744 1686 809 quamquam
1707 723 1974 788 fortasse
2006 746 2097 788 vs.
2129 727 2163 788 7
2170 728 2207 788 5
2234 745 2405 810 seqq.
2429 724 2540 788 ubi
2565 723 2807 787 invidia

357 848 421 905 et
467 864 634 928 quae
680 863 765 906 ex
810 863 886 906 ea
931 846 1282 926 sequuntur
1325 841 1518 923 vitia,
1565 841 1788 905 mortis
1816 842 2030 904 timori
2059 842 2467 924 tribuuntur,
2501 841 2805 927 excipieS,

356 980 500 1022 cum
546 965 776 1044 poetae
823 958 1105 1022 animum
1151 957 1449 1022 acerbum
1495 979 1697 1042 eoque
1738 964 2239 1042 exaggerantem
2270 958 2627 1023 ostendant.
2840 1043 2847 1048 Ι

439 1074 590 1139 Hoc
658 1075 915 1140 demum
974 1081 1151 1139 metu
1212 1075 1470 1160 dempto
1516 1095 1551 1138 e
1598 1075 1881 1139 tenebris
1928 1075 2167 1139 clarum
2215 1075 2545 1139 extollitur
2585 1075 2804 1138 lumen

354 1197 420 1257 et
487 1193 818 1257 commoda
877 1192 1047 1256 vitae
1109 1193 1540 1274 illustrantur,
1609 1193 1721 1257 sed
1770 1215 1914 1257 cum
1958 1193 2319 1277 ignorantia
2362 1192 2551 1258 huius
2594 1199 2805 1256 metus

355 1309 437 1372 sit
491 1330 718 1390 causa,
771 1315 1128 1390 „necessest
1172 1330 1300 1372 non
1345 1309 1507 1372 radii
1553 1309 1703 1373 solis
1748 1331 1955 1395 neque
2001 1309 2213 1374 lucida
2257 1309 2389 1374 tela
2434 1309 2556 1372 diei
2605 1313 2801 1388 (eum)

354 1425 738 1508 discutiant,
787 1425 899 1489 sed
943 1431 1210 1489 naturae
1258 1426 1504 1512 species
1542 1426 1872 1511 ratioque”
1912 1432 2003 1509 ¹),
2048 1426 2153 1490 vel
2184 1433 2256 1490 ut
2284 1427 2419 1512 ipse
2451 1425 2802 1512 Epicurus:

352 1545 468 1610 οὐκ
535 1548 615 1620 ἦν
683 1543 829 1609 ἄνευ
901 1543 1329 1630 φυσιολογίας
1391 1546 1719 1630 ἀκεραίους
1766 1545 1883 1620 τὰς
1928 1542 2171 1620 ἡδονὰς
2217 1543 2704 1629 ἀπολαμβάνειν
2733 1540 2801 1626 ²).

352 1659 671 1745 Exposita
733 1661 800 1723 in
866 1659 1029 1724 libro
1075 1659 1266 1724 tertio
1315 1659 1393 1723 de
1440 1661 1638 1724 animi
1683 1666 1915 1724 natura
1960 1661 2246 1726 doctrina
2290 1667 2355 1725 et
2400 1660 2803 1724 conclusione

351 1778 564 1863 posita
613 1777 832 1859 „nobis
876 1777 968 1840 nil
1013 1798 1152 1840 esse
1197 1777 1265 1841 in
1310 1783 1515 1841 morte
1562 1778 1961 1842 timendum'’
1989 1828 2006 1862 ,
2052 1778 2202 1842 inde
2248 1800 2287 1842 a
2332 1800 2422 1842 vs.
2456 1780 2582 1842 870
2612 1784 2805 1863 poeta

352 1915 602 1958 summa
645 1916 789 1958 cum
834 1901 971 1959 arte
1016 1893 1192 1957 illam
1238 1894 1710 1958 conclusionem
1754 1894 2061 1978 adhibet,
2111 1902 2183 1959 ut
2214 1916 2434 1959 eorum
2466 1895 2803 1961 stultitiam

349 2012 718 2097 vituperet,
780 2011 890 2097 qui
956 2017 1101 2096 post
1161 2018 1430 2076 mortem
1497 2032 1562 2075 se
1605 2012 1885 2076 victuros
1930 2013 2053 2076 rati
2080 2061 2096 2094 ,
2159 2013 2358 2077 vitam
2402 2013 2803 2078 lamentatio-

349 2129 542 2192 nibus
609 2134 721 2193 aut
780 2128 1134 2194 immodicis
1201 2129 1639 2215 voluptatibus
1706 2129 2115 2213 indulgentes
2161 2130 2421 2214 degunt.
2512 2130 2803 2195 Primum

351 2255 502 2314 sunt
562 2250 671 2336 qui
717 2249 975 2313 credere
1023 2270 1089 2313 se
1137 2249 1350 2314 dicant
1395 2249 1642 2313 nullum
1688 2269 1944 2314 sensum
1989 2250 2057 2312 in
2102 2255 2306 2313 morte
2354 2249 2473 2313 sibi
2515 2249 2802 2314 futurum

353 2374 418 2432 et
479 2373 697 2432 tamen
765 2373 1110 2453 querantur
1162 2374 1342 2452 „post
1387 2373 1657 2431 mortem
1699 2366 1835 2430 fore
1880 2372 1952 2430 ut
1998 2373 2111 2432 aut
2156 2373 2493 2453 putescant
2538 2388 2801 2453 corpore

352 2489 537 2570 posto
613 2489 724 2548 aut
797 2483 1067 2548 flammis
1140 2483 1464 2547 interfiant
1523 2484 1791 2547 malisve
1855 2483 2174 2548 ferarum''
2208 2482 2293 2568 ³):
2363 2483 2431 2548 hi
2475 2505 2603 2548 non
2650 2483 2803 2550 dant

353 2600 525 2688 quod
591 2600 971 2687 promittunt
992 2651 1008 2683 ,
1077 2601 1198 2665 sibi
1250 2622 1380 2664 non
1427 2607 1760 2685 constant,
1830 2622 1976 2666 cum
2022 2601 2293 2666 timeant
2337 2623 2419 2666 ne
2466 2601 2618 2689 quid
2664 2622 2804 2666 sen-

353 2720 518 2783 tiant
584 2725 728 2805 post
794 2726 1102 2803 mortem,
1175 2721 1292 2784 etsi
1352 2721 1473 2806 ipsi
1529 2720 1797 2784 confessi
1864 2721 1997 2784 sint
2042 2741 2110 2784 se
2156 2727 2294 2785 tum
2339 2719 2500 2784 nihil
2547 2720 2803 2785 omnino

354 2836 592 2901 sentire
645 2857 849 2922 posse.
940 2838 1107 2901 Item
1153 2837 1510 2923 Epicurus:
1561 2838 1754 2904 οὐθὲν
1802 2840 1927 2923 γάρ
1980 2840 2146 2904 ἐστιν
2192 2841 2257 2905 ἐν
2303 2843 2391 2925 τῷ
2436 2838 2551 2915 ζῆν
2598 2836 2805 2905 δεινὸν

353 2959 441 3041 τῷ
487 2952 880 3039 κατειληφότι
947 2958 1318 3041 γνησίως
1387 2956 1459 3019 τὸ
1526 2952 1719 3037 μηδὲν
1788 2954 2097 3042 ὑπάρχειν
2157 2958 2223 3022 ἐν
2266 2961 2353 3042 τῷ
2394 2957 2479 3039 μὴ
2526 2955 2643 3033 ζῆν
2688 2952 2803 3022 Set·

357 3074 476 3137 νόν
508 3075 580 3155 4).
672 3072 801 3137 Τὸν
847 3072 1054 3158 σοφὸν
1100 3073 1176 3138 οὐ
1225 3070 1392 3139 δοκεῖ
1421 3120 1437 3135 .
1472 3120 1488 3136 .
1521 3122 1535 3137 .
1581 3082 1784 3159 ταφῆς
1831 3081 2151 3160 φροντιεῖν
2182 3074 2254 3157 5).

441 3188 693 3253 Deinde
761 3196 909 3253 sunt
976 3190 1085 3276 qui
1152 3211 1281 3253 non
1349 3190 1598 3254 dolores
1661 3197 1805 3276 post
1850 3213 2219 3277 supremum
2264 3191 2432 3257 diem
2476 3197 2804 3276 metuant,

357 3305 470 3370 sed
524 3306 754 3392 quibus
800 3328 868 3371 se
912 3314 1194 3372 mortuos
1240 3309 1533 3374 omnibus
1576 3310 1748 3374 vitae
1795 3310 2047 3395 gaudiis
2091 3331 2308 3375 carere
2355 3311 2584 3375 doleat.
2675 3310 2740 3375 N
2742 3331 2806 3375 e-

358 3443 480 3508 que
548 3428 763 3487 tamen
828 3422 949 3487 hoc
1008 3424 1077 3488 in
1142 3425 1368 3490 intimo
1432 3425 1712 3491 humano
1780 3428 1967 3492 corde
2029 3428 2210 3515 quasi
2254 3428 2543 3493 innatum
2589 3427 2806 3513 gaudii

360 3540 740 3605 desiderium
784 3548 1012 3627 poetae
1059 3565 1262 3629 aequa
1307 3551 1404 3608 est
1451 3551 1515 3608 et
1560 3546 1731 3609 iusta
1773 3546 1997 3611 mortis
2043 3547 2287 3611 timoris
2317 3569 2541 3631 causa,
2589 3568 2805 3633 quam-

360 3680 549 3743 quam
615 3679 744 3722 non
803 3659 1123 3746 vituperat
1191 3660 1304 3725 sed
1364 3662 1576 3747 potius
1636 3663 1997 3727 consolatur
2057 3685 2239 3748 eum,
2299 3664 2408 3751 qui
2453 3664 2547 3727 ita
2589 3663 2801 3728 sentit.

360 3890 649 3940 contendere
697 3890 857 3941 ausim
899 3890 1135 3943 Senecam
1167 3908 1249 3945 eas
1280 3894 1522 3960 imagines
1553 3912 1617 3947 ex
1649 3896 1857 3961 Epicuri
1888 3896 2083 3961 scriptis
2112 3896 2355 3949 hausisse.
2424 3896 2803 3949 Animadverta-

359 3999 469 4033 mus
516 3988 764 4047 praeterea
799 3985 1030 4036 Senecam
1065 3987 1193 4037 illud
1225 3992 1437 4051 eripitur
1461 4008 1668 4053 persona
1699 4000 1857 4041 manet
1888 4010 1963 4042 ree
1976 4030 1990 4055 ,
2039 4009 2154 4043 cum
2185 3997 2245 4043 ut
2276 3996 2431 4055 ipsam
2462 3999 2655 4042 mortem
2686 4008 2801 4057 cog-

358 4094 615 4129 noscamus
656 4084 707 4130 et
753 4080 882 4131 nihil
927 4097 1032 4133 esse
1075 4082 1130 4132 in
1179 4100 1238 4135 ea
1282 4085 1502 4137 terribile
1548 4086 1643 4137 nisi
1676 4087 1842 4152 ipsum
1874 4088 2103 4139 timorem
2136 4093 2369 4152 putemus
2392 4126 2405 4150 ‚
2451 4088 2505 4139 id
2536 4088 2769 4139 adhibeat
2786 4124 2800 4151 ,

361 4171 637 4223 accuratius
683 4174 934 4239 scripsisse
984 4193 1133 4241 quam
1166 4178 1455 4230 Lucretium
1473 4218 1486 4242 ‚
1523 4198 1636 4231 cum
1670 4184 1730 4233 de
1762 4199 1879 4233 vero
1912 4185 2117 4233 hominis
2150 4188 2286 4234 statu
2322 4185 2558 4235 adversus
2596 4186 2804 4234 mortem

360 4265 404 4317 is
433 4266 692 4332 loquatur3
727 4269 896 4335 itaque
928 4270 1094 4322 minus
1126 4271 1257 4324 iuste
1289 4290 1393 4325 rem
1425 4292 1621 4327 manere
1655 4278 1791 4329 dicit.

425 4362 464 4427 ¹)
533 4363 650 4424 III,
689 4368 712 4413 1
750 4381 919 4430 seqq.,
955 4369 1014 4416 91
1050 4384 1186 4433 seqq.

423 4454 464 4515 2)
533 4455 598 4505 D.
634 4456 691 4506 L.
727 4458 808 4519 X,
847 4462 954 4511 143.

423 4550 458 4609 3)
527 4550 646 4613 ΙΠ,
681 4554 780 4604 870
811 4570 945 4620 seqq.

424 4646 463 4710 ⁴)
535 4646 595 4695 D.
634 4647 691 4697 L.
728 4647 806 4710 X,
845 4653 955 4701 125.

423 4738 465 4802 ⁵)
534 4740 596 4789 D.
633 4742 688 4791 L.
729 4744 805 4804 X,
849 4748 952 4794 118.
