<?xml version="1.0" encoding="UTF-8"?>
<!DOCTYPE html PUBLIC "-//W3C//DTD XHTML 1.0 Transitional//EN"
    "http://www.w3.org/TR/xhtml1/DTD/xhtml1-transitional.dtd">
<html xmlns="http://www.w3.org/1999/xhtml" xml:lang="en" lang="en">
 <head>
  <title>
</title>
<meta http-equiv="Content-Type" content="text/html;charset=utf-8" />
  <meta name='ocr-system' content='tesseract 3.04.00' />
  <meta name='ocr-capabilities' content='ocr_page ocr_carea ocr_par ocr_line ocrx_word'/>
</head>
<body>
  <div class='ocr_page' id='page_1' title='image "./lucretiiphiloso01woltgoog_0044.png"; bbox 0 0 3529 5359; ppageno 0'>
   <div class='ocr_carea' id='block_1_1' title="bbox 1862 362 1945 426">
    <p class='ocr_par' dir='ltr' id='par_1_1' title="bbox 1862 362 1945 426">
     <span class='ocr_line' id='line_1_1' title="bbox 1862 362 1945 426; baseline 0 0"><span class='ocrx_word' id='word_1_1' title='bbox 1862 362 1945 426; x_wconf 84' lang='lat'><strong>32</strong></span> 
     </span>
    </p>
   </div>
   <div class='ocr_carea' id='block_1_2' title="bbox 677 563 3133 3118">
    <p class='ocr_par' dir='ltr' id='par_1_2' title="bbox 677 563 3133 3118">
     <span class='ocr_line' id='line_1_2' title="bbox 677 563 3121 652; baseline -0.002 -19"><span class='ocrx_word' id='word_1_2' title='bbox 677 569 838 634; x_wconf 88' lang='lat' dir='ltr'><strong>nihil</strong></span> <span class='ocrx_word' id='word_1_3' title='bbox 883 574 979 633; x_wconf 87' lang='lat' dir='ltr'><strong>est</strong></span> <span class='ocrx_word' id='word_1_4' title='bbox 1015 565 1079 652; x_wconf 83' lang='lat'><strong>¹).</strong></span> <span class='ocrx_word' id='word_1_5' title='bbox 1170 567 1238 632; x_wconf 85' lang='lat'><strong>2⁰</strong></span> <span class='ocrx_word' id='word_1_6' title='bbox 1288 566 1356 632; x_wconf 84' lang='lat' dir='ltr'><strong>Si</strong></span> <span class='ocrx_word' id='word_1_7' title='bbox 1402 566 1543 652; x_wconf 90' lang='lat' dir='ltr'><strong>quis</strong></span> <span class='ocrx_word' id='word_1_8' title='bbox 1587 563 1669 630; x_wconf 88' lang='lat' dir='ltr'><strong>ad</strong></span> <span class='ocrx_word' id='word_1_9' title='bbox 1714 564 1973 630; x_wconf 85' lang='lat' dir='ltr'><strong>ultimos</strong></span> <span class='ocrx_word' id='word_1_10' title='bbox 2003 564 2162 628; x_wconf 86' lang='lat' dir='ltr'><strong>fines</strong></span> <span class='ocrx_word' id='word_1_11' title='bbox 2192 563 2478 628; x_wconf 87' lang='lat' dir='ltr'><strong>universi</strong></span> <span class='ocrx_word' id='word_1_12' title='bbox 2512 585 2889 650; x_wconf 88' lang='lat' dir='ltr'><strong>progressus</strong></span> <span class='ocrx_word' id='word_1_13' title='bbox 2913 615 2929 648; x_wconf 90' lang='lat'>,</span> <span class='ocrx_word' id='word_1_14' title='bbox 2975 563 3121 629; x_wconf 87' lang='lat' dir='ltr'><strong>inde</strong></span> 
     </span>
     <span class='ocr_line' id='line_1_3' title="bbox 678 681 3123 771; baseline -0.001 -21"><span class='ocrx_word' id='word_1_15' title='bbox 678 685 927 752; x_wconf 80' lang='lat' dir='ltr'><strong>hastam</strong></span> <span class='ocrx_word' id='word_1_16' title='bbox 972 690 1326 771; x_wconf 87' lang='lat' dir='ltr'><strong>torqueret,</strong></span> <span class='ocrx_word' id='word_1_17' title='bbox 1376 688 1486 747; x_wconf 91' lang='lat' dir='ltr'><strong>aut</strong></span> <span class='ocrx_word' id='word_1_18' title='bbox 1530 703 1716 767; x_wconf 89' lang='lat' dir='ltr'><strong>porro</strong></span> <span class='ocrx_word' id='word_1_19' title='bbox 1764 703 1841 746; x_wconf 89' lang='lat' dir='ltr'><strong>ea</strong></span> <span class='ocrx_word' id='word_1_20' title='bbox 1883 681 2159 764; x_wconf 82' lang='lat' dir='ltr'>volaret,</span> <span class='ocrx_word' id='word_1_21' title='bbox 2204 687 2318 746; x_wconf 90' lang='lat' dir='ltr'><strong>aut</strong></span> <span class='ocrx_word' id='word_1_22' title='bbox 2362 682 2488 746; x_wconf 89' lang='lat' dir='ltr'><strong>alio</strong></span> <span class='ocrx_word' id='word_1_23' title='bbox 2537 704 2797 769; x_wconf 85' lang='lat' dir='ltr'><strong>corpore</strong></span> <span class='ocrx_word' id='word_1_24' title='bbox 2821 683 3123 748; x_wconf 87' lang='lat' dir='ltr'><strong>retinere-</strong></span> 
     </span>
     <span class='ocr_line' id='line_1_4' title="bbox 679 799 3126 889; baseline -0.002 -20"><span class='ocrx_word' id='word_1_25' title='bbox 679 811 822 869; x_wconf 83' lang='lat' dir='ltr'><strong>tur:</strong></span> <span class='ocrx_word' id='word_1_26' title='bbox 869 804 1090 889; x_wconf 87' lang='lat' dir='ltr'><strong>utique</strong></span> <span class='ocrx_word' id='word_1_27' title='bbox 1137 803 1506 866; x_wconf 88' lang='lat' dir='ltr'><strong>universum</strong></span> <span class='ocrx_word' id='word_1_28' title='bbox 1551 821 1626 864; x_wconf 93' lang='lat' dir='ltr'><strong>eo</strong></span> <span class='ocrx_word' id='word_1_29' title='bbox 1672 801 1812 864; x_wconf 88' lang='lat' dir='ltr'><strong>loco</strong></span> <span class='ocrx_word' id='word_1_30' title='bbox 1856 820 1985 864; x_wconf 91' lang='lat' dir='ltr'><strong>non</strong></span> <span class='ocrx_word' id='word_1_31' title='bbox 2032 805 2199 864; x_wconf 86' lang='lat' dir='ltr'><strong>esset</strong></span> <span class='ocrx_word' id='word_1_32' title='bbox 2243 799 2516 865; x_wconf 88' lang='lat' dir='ltr'><strong>finitum.</strong></span> <span class='ocrx_word' id='word_1_33' title='bbox 2566 802 2632 862; x_wconf 85' lang='lat'><strong>3⁰</strong></span> <span class='ocrx_word' id='word_1_34' title='bbox 2700 801 2770 866; x_wconf 86' lang='lat' dir='ltr'><strong>Si</strong></span> <span class='ocrx_word' id='word_1_35' title='bbox 2799 822 2927 865; x_wconf 91' lang='lat' dir='ltr'><strong>non</strong></span> <span class='ocrx_word' id='word_1_36' title='bbox 2958 805 3126 865; x_wconf 86' lang='lat' dir='ltr'><strong>esset</strong></span> 
     </span>
     <span class='ocr_line' id='line_1_5' title="bbox 682 916 3128 1004; baseline -0.002 -20"><span class='ocrx_word' id='word_1_37' title='bbox 682 920 1004 985; x_wconf 85' lang='lat' dir='ltr'><strong>infinitum</strong></span> <span class='ocrx_word' id='word_1_38' title='bbox 1029 919 1338 1004; x_wconf 82' lang='lat' dir='ltr'><strong>spatium,</strong></span> <span class='ocrx_word' id='word_1_39' title='bbox 1377 917 1582 982; x_wconf 90' lang='lat' dir='ltr'><strong>omnis</strong></span> <span class='ocrx_word' id='word_1_40' title='bbox 1605 916 1937 998; x_wconf 86' lang='lat' dir='ltr'><strong>materies,</strong></span> <span class='ocrx_word' id='word_1_41' title='bbox 1978 916 2291 1000; x_wconf 86' lang='lat' dir='ltr'><strong>gravitate</strong></span> <span class='ocrx_word' id='word_1_42' title='bbox 2318 916 2649 1002; x_wconf 88' lang='lat' dir='ltr'><strong>depressa,</strong></span> <span class='ocrx_word' id='word_1_43' title='bbox 2688 918 2815 982; x_wconf 89' lang='lat' dir='ltr'><strong>iam</strong></span> <span class='ocrx_word' id='word_1_44' title='bbox 2847 917 2957 981; x_wconf 86' lang='lat' dir='ltr'><strong>diu</strong></span> <span class='ocrx_word' id='word_1_45' title='bbox 2982 938 3128 982; x_wconf 90' lang='lat' dir='ltr'><strong>con-</strong></span> 
     </span>
     <span class='ocr_line' id='line_1_6' title="bbox 683 1034 3129 1121; baseline -0.001 -20"><span class='ocrx_word' id='word_1_46' title='bbox 683 1037 976 1102; x_wconf 82' lang='lat' dir='ltr'><strong>fluxisset</strong></span> <span class='ocrx_word' id='word_1_47' title='bbox 1041 1034 1124 1100; x_wconf 90' lang='lat' dir='ltr'><strong>ad</strong></span> <span class='ocrx_word' id='word_1_48' title='bbox 1181 1036 1382 1099; x_wconf 91' lang='lat' dir='ltr'><strong>imum</strong></span> <span class='ocrx_word' id='word_1_49' title='bbox 1429 1035 1636 1099; x_wconf 89' lang='lat' dir='ltr'><strong>locum</strong></span> <span class='ocrx_word' id='word_1_50' title='bbox 1655 1083 1671 1116; x_wconf 90' lang='lat'>,</span> <span class='ocrx_word' id='word_1_51' title='bbox 1741 1034 1853 1098; x_wconf 91' lang='lat' dir='ltr'><strong>ubi</strong></span> <span class='ocrx_word' id='word_1_52' title='bbox 1898 1054 1964 1097; x_wconf 93' lang='lat' dir='ltr'><strong>se</strong></span> <span class='ocrx_word' id='word_1_53' title='bbox 2010 1034 2394 1098; x_wconf 81' lang='lat' dir='ltr'><strong>cumulasset</strong></span> <span class='ocrx_word' id='word_1_54' title='bbox 2437 1035 2653 1121; x_wconf 85' lang='lat' dir='ltr'><strong>itaque</strong></span> <span class='ocrx_word' id='word_1_55' title='bbox 2700 1056 2953 1100; x_wconf 90' lang='lat' dir='ltr'><strong>omnem</strong></span> <span class='ocrx_word' id='word_1_56' title='bbox 2995 1055 3129 1098; x_wconf 91' lang='lat' dir='ltr'><strong>mo-</strong></span> 
     </span>
     <span class='ocr_line' id='line_1_7' title="bbox 685 1150 3127 1240; baseline -0.001 -21"><span class='ocrx_word' id='word_1_57' title='bbox 685 1160 856 1238; x_wconf 84' lang='lat' dir='ltr'><strong>tum,</strong></span> <span class='ocrx_word' id='word_1_58' title='bbox 925 1174 1115 1240; x_wconf 89' lang='lat' dir='ltr'><strong>quem</strong></span> <span class='ocrx_word' id='word_1_59' title='bbox 1181 1159 1396 1218; x_wconf 88' lang='lat' dir='ltr'><strong>tamen</strong></span> <span class='ocrx_word' id='word_1_60' title='bbox 1463 1150 1795 1234; x_wconf 84' lang='lat' dir='ltr'><strong>videmus,</strong></span> <span class='ocrx_word' id='word_1_61' title='bbox 1866 1151 2271 1216; x_wconf 78' lang='lat' dir='ltr'><strong>cohibuisset.</strong></span> <span class='ocrx_word' id='word_1_62' title='bbox 2320 1189 2402 1199; x_wconf 85' lang='lat'><strong>—-</strong></span> <span class='ocrx_word' id='word_1_63' title='bbox 2472 1153 2565 1216; x_wconf 91' lang='lat' dir='ltr'><strong>At</strong></span> <span class='ocrx_word' id='word_1_64' title='bbox 2611 1153 2664 1216; x_wconf 91' lang='lat' dir='ltr'><strong>si</strong></span> <span class='ocrx_word' id='word_1_65' title='bbox 2708 1174 2983 1217; x_wconf 84' lang='lat' dir='ltr'><strong>vacuum</strong></span> <span class='ocrx_word' id='word_1_66' title='bbox 3028 1158 3127 1216; x_wconf 91' lang='lat' dir='ltr'><strong>est</strong></span> 
     </span>
     <span class='ocr_line' id='line_1_8' title="bbox 682 1269 3131 1355; baseline -0.001 -19"><span class='ocrx_word' id='word_1_67' title='bbox 682 1272 1036 1353; x_wconf 86' lang='lat' dir='ltr'><strong>infinitum,</strong></span> <span class='ocrx_word' id='word_1_68' title='bbox 1105 1270 1404 1335; x_wconf 87' lang='lat' dir='ltr'><strong>materies</strong></span> <span class='ocrx_word' id='word_1_69' title='bbox 1473 1290 1723 1355; x_wconf 91' lang='lat' dir='ltr'><strong>quoque</strong></span> <span class='ocrx_word' id='word_1_70' title='bbox 1794 1270 1905 1352; x_wconf 89' lang='lat'><strong>(=</strong></span> <span class='ocrx_word' id='word_1_71' title='bbox 1950 1288 2164 1333; x_wconf 90' lang='lat' dir='ltr'><strong>rerum</strong></span> <span class='ocrx_word' id='word_1_72' title='bbox 2211 1290 2458 1333; x_wconf 88' lang='lat' dir='ltr'><strong>summa</strong></span> <span class='ocrx_word' id='word_1_73' title='bbox 2506 1287 2597 1333; x_wconf 86' lang='lat' dir='ltr'><strong>vs.</strong></span> <span class='ocrx_word' id='word_1_74' title='bbox 2650 1271 2837 1352; x_wconf 89' lang='lat'>1008)</span> <span class='ocrx_word' id='word_1_75' title='bbox 2882 1269 3131 1334; x_wconf 87' lang='lat' dir='ltr'><strong>infinita</strong></span> 
     </span>
     <span class='ocr_line' id='line_1_9' title="bbox 683 1387 3130 1473; baseline -0.001 -19"><span class='ocrx_word' id='word_1_76' title='bbox 683 1411 822 1454; x_wconf 88' lang='lat' dir='ltr'><strong>esse</strong></span> <span class='ocrx_word' id='word_1_77' title='bbox 869 1389 1097 1453; x_wconf 87' lang='lat' dir='ltr'><strong>debet:</strong></span> <span class='ocrx_word' id='word_1_78' title='bbox 1169 1388 1258 1452; x_wconf 89' lang='lat' dir='ltr'><strong>sic</strong></span> <span class='ocrx_word' id='word_1_79' title='bbox 1304 1387 1509 1451; x_wconf 88' lang='lat' dir='ltr'><strong>voluit</strong></span> <span class='ocrx_word' id='word_1_80' title='bbox 1553 1393 1783 1452; x_wconf 87' lang='lat' dir='ltr'><strong>natura</strong></span> <span class='ocrx_word' id='word_1_81' title='bbox 1806 1437 1821 1468; x_wconf 87' lang='lat'>,</span> <span class='ocrx_word' id='word_1_82' title='bbox 1877 1407 2076 1472; x_wconf 74' lang='lat' dir='ltr'><strong>„quae</strong></span> <span class='ocrx_word' id='word_1_83' title='bbox 2123 1407 2351 1472; x_wconf 86' lang='lat' dir='ltr'><strong>corpus</strong></span> <span class='ocrx_word' id='word_1_84' title='bbox 2394 1387 2571 1450; x_wconf 89' lang='lat' dir='ltr'><strong>inani</strong></span> <span class='ocrx_word' id='word_1_85' title='bbox 2616 1393 2681 1450; x_wconf 90' lang='lat' dir='ltr'><strong>et</strong></span> <span class='ocrx_word' id='word_1_86' title='bbox 2727 1387 2895 1473; x_wconf 88' lang='lat' dir='ltr'><strong>quod</strong></span> <span class='ocrx_word' id='word_1_87' title='bbox 2938 1387 3130 1451; x_wconf 86' lang='lat' dir='ltr'><strong>inane</strong></span> 
     </span>
     <span class='ocr_line' id='line_1_10' title="bbox 682 1504 3131 1590; baseline -0.001 -19"><span class='ocrx_word' id='word_1_88' title='bbox 682 1513 898 1572; x_wconf 89' lang='lat' dir='ltr'><strong>autem</strong></span> <span class='ocrx_word' id='word_1_89' title='bbox 947 1512 1044 1570; x_wconf 85' lang='lat' dir='ltr'><strong>est</strong></span> <span class='ocrx_word' id='word_1_90' title='bbox 1088 1505 1256 1569; x_wconf 89' lang='lat' dir='ltr'><strong>finiri</strong></span> <span class='ocrx_word' id='word_1_91' title='bbox 1304 1525 1564 1590; x_wconf 91' lang='lat' dir='ltr'><strong>corpore</strong></span> <span class='ocrx_word' id='word_1_92' title='bbox 1611 1505 1785 1589; x_wconf 81' lang='lat' dir='ltr'><strong>cogit</strong></span> <span class='ocrx_word' id='word_1_93' title='bbox 1810 1554 1826 1587; x_wconf 84' lang='lat'>,</span> <span class='ocrx_word' id='word_1_94' title='bbox 1882 1509 1953 1567; x_wconf 91' lang='lat' dir='ltr'><strong>ut</strong></span> <span class='ocrx_word' id='word_1_95' title='bbox 2004 1504 2093 1569; x_wconf 84' lang='lat' dir='ltr'><strong>sic</strong></span> <span class='ocrx_word' id='word_1_96' title='bbox 2138 1505 2401 1568; x_wconf 86' lang='lat' dir='ltr'><strong>alternis</strong></span> <span class='ocrx_word' id='word_1_97' title='bbox 2452 1505 2701 1568; x_wconf 90' lang='lat' dir='ltr'><strong>infinita</strong></span> <span class='ocrx_word' id='word_1_98' title='bbox 2746 1505 2959 1570; x_wconf 90' lang='lat' dir='ltr'><strong>omnia</strong></span> <span class='ocrx_word' id='word_1_99' title='bbox 2988 1504 3131 1569; x_wconf 87' lang='lat' dir='ltr'><strong>red-</strong></span> 
     </span>
     <span class='ocr_line' id='line_1_11' title="bbox 684 1620 3133 1705; baseline -0.001 -18"><span class='ocrx_word' id='word_1_100' title='bbox 684 1622 837 1687; x_wconf 88' lang='lat' dir='ltr'><strong>dat’&#39;</strong></span> <span class='ocrx_word' id='word_1_101' title='bbox 866 1629 931 1705; x_wconf 87' lang='lat'><strong>²).</strong></span> <span class='ocrx_word' id='word_1_102' title='bbox 1003 1621 1071 1686; x_wconf 83' lang='lat' dir='ltr'><strong>Si</strong></span> <span class='ocrx_word' id='word_1_103' title='bbox 1116 1620 1459 1685; x_wconf 90' lang='lat' dir='ltr'><strong>multitudo</strong></span> <span class='ocrx_word' id='word_1_104' title='bbox 1505 1627 1861 1685; x_wconf 85' lang='lat' dir='ltr'><strong>atomorum</strong></span> <span class='ocrx_word' id='word_1_105' title='bbox 1925 1621 2173 1685; x_wconf 86' lang='lat' dir='ltr'><strong>infinita</strong></span> <span class='ocrx_word' id='word_1_106' title='bbox 2216 1642 2344 1684; x_wconf 91' lang='lat' dir='ltr'><strong>non</strong></span> <span class='ocrx_word' id='word_1_107' title='bbox 2386 1628 2586 1704; x_wconf 87' lang='lat' dir='ltr'><strong>esset,</strong></span> <span class='ocrx_word' id='word_1_108' title='bbox 2641 1624 2705 1685; x_wconf 92' lang='lat'><strong>1⁰</strong></span> <span class='ocrx_word' id='word_1_109' title='bbox 2746 1620 2909 1685; x_wconf 90' lang='lat' dir='ltr'><strong>nihil</strong></span> <span class='ocrx_word' id='word_1_110' title='bbox 2958 1622 3133 1704; x_wconf 84' lang='lat' dir='ltr'><strong>„exi-</strong></span> 
     </span>
     <span class='ocr_line' id='line_1_12' title="bbox 680 1737 3133 1826; baseline -0.001 -22"><span class='ocrx_word' id='word_1_111' title='bbox 680 1762 878 1826; x_wconf 87' lang='lat' dir='ltr'><strong>guum</strong></span> <span class='ocrx_word' id='word_1_112' title='bbox 944 1745 1158 1826; x_wconf 87' lang='lat' dir='ltr'><strong>posset</strong></span> <span class='ocrx_word' id='word_1_113' title='bbox 1224 1738 1403 1803; x_wconf 92' lang='lat' dir='ltr'><strong>horai</strong></span> <span class='ocrx_word' id='word_1_114' title='bbox 1473 1739 1694 1803; x_wconf 89' lang='lat' dir='ltr'><strong>sistere</strong></span> <span class='ocrx_word' id='word_1_115' title='bbox 1764 1744 2017 1824; x_wconf 89' lang='lat' dir='ltr'><strong>tempus</strong></span> <span class='ocrx_word' id='word_1_116' title='bbox 2036 1788 2053 1814; x_wconf 89' lang='lat'><em>,</em></span> <span class='ocrx_word' id='word_1_117' title='bbox 2124 1760 2273 1802; x_wconf 89' lang='lat' dir='ltr'><strong>nam</strong></span> <span class='ocrx_word' id='word_1_118' title='bbox 2321 1737 2605 1823; x_wconf 88' lang='lat' dir='ltr'><strong>dispulsa</strong></span> <span class='ocrx_word' id='word_1_119' title='bbox 2649 1761 2762 1803; x_wconf 85' lang='lat' dir='ltr'><strong>suo</strong></span> <span class='ocrx_word' id='word_1_120' title='bbox 2819 1739 2897 1804; x_wconf 87' lang='lat' dir='ltr'><strong>de</strong></span> <span class='ocrx_word' id='word_1_121' title='bbox 2945 1746 3133 1804; x_wconf 88' lang='lat' dir='ltr'><strong>coetu</strong></span> 
     </span>
     <span class='ocr_line' id='line_1_13' title="bbox 681 1854 3129 1942; baseline -0.001 -19"><span class='ocrx_word' id='word_1_122' title='bbox 681 1857 974 1923; x_wconf 89' lang='lat' dir='ltr'><strong>materiai</strong></span> <span class='ocrx_word' id='word_1_123' title='bbox 1040 1856 1222 1942; x_wconf 89' lang='lat' dir='ltr'><strong>copia</strong></span> <span class='ocrx_word' id='word_1_124' title='bbox 1287 1855 1560 1920; x_wconf 88' lang='lat' dir='ltr'><strong>ferretur</strong></span> <span class='ocrx_word' id='word_1_125' title='bbox 1584 1906 1600 1939; x_wconf 89' lang='lat'>‚</span> <span class='ocrx_word' id='word_1_126' title='bbox 1669 1877 1975 1940; x_wconf 85' lang='lat' dir='ltr'><strong>magnum</strong></span> <span class='ocrx_word' id='word_1_127' title='bbox 2034 1854 2397 1938; x_wconf 90' lang='lat' dir='ltr'><strong>(infinitum)</strong></span> <span class='ocrx_word' id='word_1_128' title='bbox 2444 1876 2559 1941; x_wconf 88' lang='lat' dir='ltr'><strong>per</strong></span> <span class='ocrx_word' id='word_1_129' title='bbox 2603 1857 2791 1920; x_wconf 90' lang='lat' dir='ltr'><strong>inane</strong></span> <span class='ocrx_word' id='word_1_130' title='bbox 2839 1857 3129 1940; x_wconf 89' lang='lat' dir='ltr'><strong>soluta”;</strong></span> 
     </span>
     <span class='ocr_line' id='line_1_14' title="bbox 686 1973 3133 2059; baseline -0.001 -19"><span class='ocrx_word' id='word_1_131' title='bbox 686 1976 755 2040; x_wconf 81' lang='lat'><strong>2⁰</strong></span> <span class='ocrx_word' id='word_1_132' title='bbox 817 1973 1094 2038; x_wconf 87' lang='lat' dir='ltr'><strong>mundus</strong></span> <span class='ocrx_word' id='word_1_133' title='bbox 1140 1994 1265 2036; x_wconf 90' lang='lat' dir='ltr'><strong>non</strong></span> <span class='ocrx_word' id='word_1_134' title='bbox 1315 1976 1526 2054; x_wconf 84' lang='lat' dir='ltr'><strong>esset,</strong></span> <span class='ocrx_word' id='word_1_135' title='bbox 1575 1993 1723 2035; x_wconf 90' lang='lat' dir='ltr'><strong>nam</strong></span> <span class='ocrx_word' id='word_1_136' title='bbox 1772 1993 1991 2036; x_wconf 89' lang='lat' dir='ltr'><strong>omnes</strong></span> <span class='ocrx_word' id='word_1_137' title='bbox 2036 1993 2138 2036; x_wconf 88' lang='lat' dir='ltr'><strong>res</strong></span> <span class='ocrx_word' id='word_1_138' title='bbox 2183 1979 2467 2059; x_wconf 85' lang='lat' dir='ltr'><strong>tempore</strong></span> <span class='ocrx_word' id='word_1_139' title='bbox 2516 1974 2954 2038; x_wconf 87' lang='lat' dir='ltr'><strong>diminuuntur</strong></span> <span class='ocrx_word' id='word_1_140' title='bbox 2998 1980 3133 2040; x_wconf 85' lang='lat' dir='ltr'><strong>ato-</strong></span> 
     </span>
     <span class='ocr_line' id='line_1_15' title="bbox 686 2089 3133 2178; baseline 0 -23"><span class='ocrx_word' id='word_1_141' title='bbox 686 2091 808 2155; x_wconf 88' lang='lat' dir='ltr'><strong>mis</strong></span> <span class='ocrx_word' id='word_1_142' title='bbox 854 2090 1130 2172; x_wconf 83' lang='lat' dir='ltr'><strong>avulsis,</strong></span> <span class='ocrx_word' id='word_1_143' title='bbox 1178 2089 1317 2152; x_wconf 93' lang='lat' dir='ltr'><strong>cibo</strong></span> <span class='ocrx_word' id='word_1_144' title='bbox 1363 2089 1562 2173; x_wconf 87' lang='lat' dir='ltr'><strong>igitur</strong></span> <span class='ocrx_word' id='word_1_145' title='bbox 1607 2089 1685 2151; x_wconf 90' lang='lat' dir='ltr'><strong>iis</strong></span> <span class='ocrx_word' id='word_1_146' title='bbox 1732 2110 1891 2174; x_wconf 89' lang='lat' dir='ltr'><strong>opus</strong></span> <span class='ocrx_word' id='word_1_147' title='bbox 1938 2095 2065 2171; x_wconf 88' lang='lat' dir='ltr'><strong>est,</strong></span> <span class='ocrx_word' id='word_1_148' title='bbox 2113 2110 2193 2154; x_wconf 88' lang='lat' dir='ltr'><strong>ne</strong></span> <span class='ocrx_word' id='word_1_149' title='bbox 2228 2090 2585 2154; x_wconf 86' lang='lat' dir='ltr'><strong>intereant:</strong></span> <span class='ocrx_word' id='word_1_150' title='bbox 2636 2091 2805 2178; x_wconf 87' lang='lat' dir='ltr'><strong>quod</strong></span> <span class='ocrx_word' id='word_1_151' title='bbox 2834 2093 3133 2178; x_wconf 89' lang='lat' dir='ltr'><strong>quoniam</strong></span> 
     </span>
     <span class='ocr_line' id='line_1_16' title="bbox 683 2206 3132 2295; baseline -0 -22"><span class='ocrx_word' id='word_1_152' title='bbox 683 2229 768 2273; x_wconf 84' lang='lat' dir='ltr'><strong>ex</strong></span> <span class='ocrx_word' id='word_1_153' title='bbox 835 2213 1093 2272; x_wconf 89' lang='lat' dir='ltr'><strong>aeterno</strong></span> <span class='ocrx_word' id='word_1_154' title='bbox 1162 2212 1452 2292; x_wconf 85' lang='lat' dir='ltr'><strong>tempore</strong></span> <span class='ocrx_word' id='word_1_155' title='bbox 1515 2206 1642 2270; x_wconf 91' lang='lat' dir='ltr'><strong>iam</strong></span> <span class='ocrx_word' id='word_1_156' title='bbox 1711 2207 1950 2271; x_wconf 88' lang='lat' dir='ltr'><strong>factum</strong></span> <span class='ocrx_word' id='word_1_157' title='bbox 2006 2214 2145 2289; x_wconf 87' lang='lat' dir='ltr'><strong>est,</strong></span> <span class='ocrx_word' id='word_1_158' title='bbox 2215 2208 2465 2272; x_wconf 85' lang='lat' dir='ltr'><strong>infinita</strong></span> <span class='ocrx_word' id='word_1_159' title='bbox 2507 2230 2667 2294; x_wconf 90' lang='lat' dir='ltr'><strong>opus</strong></span> <span class='ocrx_word' id='word_1_160' title='bbox 2712 2214 2808 2272; x_wconf 90' lang='lat' dir='ltr'><strong>est</strong></span> <span class='ocrx_word' id='word_1_161' title='bbox 2852 2209 3132 2295; x_wconf 90' lang='lat' dir='ltr'><strong>undique</strong></span> 
     </span>
     <span class='ocr_line' id='line_1_17' title="bbox 681 2324 3133 2412; baseline 0 -22"><span class='ocrx_word' id='word_1_162' title='bbox 681 2326 863 2412; x_wconf 90' lang='lat' dir='ltr'><strong>copia</strong></span> <span class='ocrx_word' id='word_1_163' title='bbox 907 2324 1236 2389; x_wconf 88' lang='lat' dir='ltr'><strong>materiae.</strong></span> <span class='ocrx_word' id='word_1_164' title='bbox 1285 2361 1367 2370; x_wconf 90' lang='lat'><strong>—</strong></span> <span class='ocrx_word' id='word_1_165' title='bbox 1416 2324 1821 2388; x_wconf 88' lang='lat' dir='ltr'><strong>Dissentiunt</strong></span> <span class='ocrx_word' id='word_1_166' title='bbox 1866 2325 2034 2389; x_wconf 86' lang='lat' dir='ltr'><strong>inter</strong></span> <span class='ocrx_word' id='word_1_167' title='bbox 2080 2346 2147 2389; x_wconf 90' lang='lat' dir='ltr'><strong>se</strong></span> <span class='ocrx_word' id='word_1_168' title='bbox 2192 2325 2314 2389; x_wconf 85' lang='lat' dir='ltr'><strong>viri</strong></span> <span class='ocrx_word' id='word_1_169' title='bbox 2360 2326 2529 2390; x_wconf 89' lang='lat' dir='ltr'><strong>docti</strong></span> <span class='ocrx_word' id='word_1_170' title='bbox 2573 2327 2639 2389; x_wconf 89' lang='lat' dir='ltr'><strong>in</strong></span> <span class='ocrx_word' id='word_1_171' title='bbox 2680 2333 2813 2390; x_wconf 90' lang='lat' dir='ltr'><strong>toto</strong></span> <span class='ocrx_word' id='word_1_172' title='bbox 2843 2326 3133 2392; x_wconf 90' lang='lat' dir='ltr'><strong>hocloco</strong></span> 
     </span>
     <span class='ocr_line' id='line_1_18' title="bbox 682 2441 3131 2528; baseline -0.001 -20"><span class='ocrx_word' id='word_1_173' title='bbox 682 2441 1099 2528; x_wconf 82' lang='lat' dir='ltr'><strong>explicand03</strong></span> <span class='ocrx_word' id='word_1_174' title='bbox 1170 2441 1482 2506; x_wconf 88' lang='lat' dir='ltr'><strong>Munrous</strong></span> <span class='ocrx_word' id='word_1_175' title='bbox 1553 2441 1660 2523; x_wconf 89' lang='lat' dir='ltr'><strong>(ad</strong></span> <span class='ocrx_word' id='word_1_176' title='bbox 1707 2443 1854 2524; x_wconf 89' lang='grc'>988)</span> <span class='ocrx_word' id='word_1_177' title='bbox 1901 2448 2121 2505; x_wconf 84' lang='lat' dir='ltr'><strong>censet</strong></span> <span class='ocrx_word' id='word_1_178' title='bbox 2146 2491 2162 2524; x_wconf 83' lang='lat'>,</span> <span class='ocrx_word' id='word_1_179' title='bbox 2223 2448 2477 2527; x_wconf 88' lang='lat' dir='ltr'><strong>poetam</strong></span> <span class='ocrx_word' id='word_1_180' title='bbox 2546 2443 2693 2507; x_wconf 90' lang='lat' dir='ltr'><strong>inde</strong></span> <span class='ocrx_word' id='word_1_181' title='bbox 2761 2465 2800 2507; x_wconf 90' lang='lat' dir='ltr'><strong>a</strong></span> <span class='ocrx_word' id='word_1_182' title='bbox 2865 2464 2956 2508; x_wconf 85' lang='lat' dir='ltr'><strong>vs.</strong></span> <span class='ocrx_word' id='word_1_183' title='bbox 3006 2445 3131 2508; x_wconf 88' lang='grc'><strong>958</strong></span> 
     </span>
     <span class='ocr_line' id='line_1_19' title="bbox 682 2558 3133 2646; baseline 0 -22"><span class='ocrx_word' id='word_1_184' title='bbox 682 2581 884 2646; x_wconf 88' lang='lat' dir='ltr'><strong>usque</strong></span> <span class='ocrx_word' id='word_1_185' title='bbox 952 2558 1034 2622; x_wconf 87' lang='lat' dir='ltr'><strong>ad</strong></span> <span class='ocrx_word' id='word_1_186' title='bbox 1104 2561 1229 2622; x_wconf 89' lang='grc'><strong>984</strong></span> <span class='ocrx_word' id='word_1_187' title='bbox 1302 2558 1735 2622; x_wconf 84' lang='lat' dir='ltr'><strong>demonstrare</strong></span> <span class='ocrx_word' id='word_1_188' title='bbox 1763 2607 1779 2640; x_wconf 85' lang='lat'>‚</span> <span class='ocrx_word' id='word_1_189' title='bbox 1826 2559 2232 2641; x_wconf 83' lang='lat' dir='ltr'><strong>universum,</strong></span> <span class='ocrx_word' id='word_1_190' title='bbox 2302 2558 2369 2622; x_wconf 85' lang='lat' dir='ltr'><strong>id</strong></span> <span class='ocrx_word' id='word_1_191' title='bbox 2414 2565 2511 2623; x_wconf 90' lang='lat' dir='ltr'><strong>est</strong></span> <span class='ocrx_word' id='word_1_192' title='bbox 2572 2582 2882 2625; x_wconf 90' lang='lat' dir='ltr'><strong>summam</strong></span> <span class='ocrx_word' id='word_1_193' title='bbox 2937 2561 3133 2624; x_wconf 90' lang='lat' dir='ltr'><strong>totius</strong></span> 
     </span>
     <span class='ocr_line' id='line_1_20' title="bbox 684 2654 3133 2766; baseline -0.001 -21"><span class='ocrx_word' id='word_1_194' title='bbox 684 2654 872 2766; x_wconf 86' lang='lat' dir='ltr'><strong>spatii</strong></span> <span class='ocrx_word' id='word_1_195' title='bbox 921 2684 986 2743; x_wconf 90' lang='lat' dir='ltr'><strong>et</strong></span> <span class='ocrx_word' id='word_1_196' title='bbox 1031 2677 1381 2760; x_wconf 83' lang='lat' dir='ltr'><strong>materiae,</strong></span> <span class='ocrx_word' id='word_1_197' title='bbox 1429 2675 1749 2740; x_wconf 89' lang='lat' dir='ltr'><strong>infinitum</strong></span> <span class='ocrx_word' id='word_1_198' title='bbox 1796 2697 1975 2759; x_wconf 88' lang='lat' dir='ltr'><strong>esse,</strong></span> <span class='ocrx_word' id='word_1_199' title='bbox 2026 2676 2265 2741; x_wconf 76' lang='lat' dir='ltr'><strong>deinde·</strong></span> <span class='ocrx_word' id='word_1_200' title='bbox 2300 2700 2339 2742; x_wconf 88' lang='lat' dir='ltr'><strong>a</strong></span> <span class='ocrx_word' id='word_1_201' title='bbox 2382 2700 2471 2743; x_wconf 80' lang='lat' dir='ltr'><strong>vs.</strong></span> <span class='ocrx_word' id='word_1_202' title='bbox 2526 2681 2651 2743; x_wconf 87' lang='lat'><strong>984</strong></span> <span class='ocrx_word' id='word_1_203' title='bbox 2698 2679 2971 2766; x_wconf 88' lang='lat' dir='ltr'><strong>spatium</strong></span> <span class='ocrx_word' id='word_1_204' title='bbox 3016 2700 3133 2765; x_wconf 90' lang='lat' dir='ltr'><strong>per</strong></span> 
     </span>
     <span class='ocr_line' id='line_1_21' title="bbox 687 2794 3130 2880; baseline 0 -20"><span class='ocrx_word' id='word_1_205' title='bbox 687 2818 754 2861; x_wconf 93' lang='lat' dir='ltr'><strong>se</strong></span> <span class='ocrx_word' id='word_1_206' title='bbox 817 2796 1136 2860; x_wconf 91' lang='lat' dir='ltr'><strong>infinitum</strong></span> <span class='ocrx_word' id='word_1_207' title='bbox 1199 2815 1336 2859; x_wconf 87' lang='lat' dir='ltr'><strong>esse</strong></span> <span class='ocrx_word' id='word_1_208' title='bbox 1368 2845 1383 2876; x_wconf 90' lang='lat'>,</span> <span class='ocrx_word' id='word_1_209' title='bbox 1450 2794 1722 2880; x_wconf 89' lang='lat' dir='ltr'><strong>denique</strong></span> <span class='ocrx_word' id='word_1_210' title='bbox 1791 2795 1941 2858; x_wconf 89' lang='lat' dir='ltr'><strong>inde</strong></span> <span class='ocrx_word' id='word_1_211' title='bbox 2010 2818 2048 2860; x_wconf 98' lang='lat' dir='ltr'><strong>a</strong></span> <span class='ocrx_word' id='word_1_212' title='bbox 2113 2816 2204 2859; x_wconf 75' lang='lat' dir='ltr'><strong>vs,</strong></span> <span class='ocrx_word' id='word_1_213' title='bbox 2258 2797 2421 2860; x_wconf 89' lang='lat'>1008</span> <span class='ocrx_word' id='word_1_214' title='bbox 2467 2796 2782 2860; x_wconf 88' lang='lat' dir='ltr'><strong>infinitam</strong></span> <span class='ocrx_word' id='word_1_215' title='bbox 2826 2798 3130 2862; x_wconf 88' lang='lat' dir='ltr'><strong>materiae</strong></span> 
     </span>
     <span class='ocr_line' id='line_1_22' title="bbox 686 2912 3131 2999; baseline -0 -20"><span class='ocrx_word' id='word_1_216' title='bbox 686 2921 999 2979; x_wconf 89' lang='lat' dir='ltr'><strong>naturam.</strong></span> <span class='ocrx_word' id='word_1_217' title='bbox 1089 2912 1274 2979; x_wconf 82' lang='lat' dir='ltr'><strong>Haec</strong></span> <span class='ocrx_word' id='word_1_218' title='bbox 1335 2913 1679 2999; x_wconf 83' lang='lat' dir='ltr'><strong>explicatio</strong></span> <span class='ocrx_word' id='word_1_219' title='bbox 1749 2934 1895 2976; x_wconf 90' lang='lat' dir='ltr'><strong>cum</strong></span> <span class='ocrx_word' id='word_1_220' title='bbox 1961 2912 2226 2999; x_wconf 86' lang='lat' dir='ltr'><strong>Epicuri</strong></span> <span class='ocrx_word' id='word_1_221' title='bbox 2286 2914 2498 2978; x_wconf 86' lang='lat' dir='ltr'><strong>verbis</strong></span> <span class='ocrx_word' id='word_1_222' title='bbox 2557 2914 2889 2979; x_wconf 90' lang='lat' dir='ltr'><strong>concinere</strong></span> <span class='ocrx_word' id='word_1_223' title='bbox 2958 2913 3131 2979; x_wconf 87' lang='lat' dir='ltr'><strong>vide-</strong></span> 
     </span>
     <span class='ocr_line' id='line_1_23' title="bbox 691 3030 3132 3118; baseline -0.001 -21"><span class='ocrx_word' id='word_1_224' title='bbox 691 3038 794 3097; x_wconf 85' lang='lat' dir='ltr'><strong>tur</strong></span> <span class='ocrx_word' id='word_1_225' title='bbox 825 3034 870 3115; x_wconf 84' lang='lat'><strong>³)</strong></span> <span class='ocrx_word' id='word_1_226' title='bbox 889 3080 905 3113; x_wconf 88' lang='lat'>,</span> <span class='ocrx_word' id='word_1_227' title='bbox 953 3030 1065 3094; x_wconf 87' lang='lat' dir='ltr'><strong>sed</strong></span> <span class='ocrx_word' id='word_1_228' title='bbox 1110 3036 1325 3095; x_wconf 86' lang='lat' dir='ltr'><strong>tamen</strong></span> <span class='ocrx_word' id='word_1_229' title='bbox 1370 3037 1653 3094; x_wconf 88' lang='lat' dir='ltr'><strong>mentem</strong></span> <span class='ocrx_word' id='word_1_230' title='bbox 1699 3031 2027 3113; x_wconf 89' lang='lat' dir='ltr'><strong>Lucretii,</strong></span> <span class='ocrx_word' id='word_1_231' title='bbox 2072 3031 2141 3094; x_wconf 89' lang='lat' dir='ltr'><strong>ni</strong></span> <span class='ocrx_word' id='word_1_232' title='bbox 2169 3030 2479 3114; x_wconf 88' lang='lat' dir='ltr'><strong>fallimur,</strong></span> <span class='ocrx_word' id='word_1_233' title='bbox 2528 3032 2889 3117; x_wconf 86' lang='lat' dir='ltr'><strong>exprimere</strong></span> <span class='ocrx_word' id='word_1_234' title='bbox 2921 3032 3132 3118; x_wconf 87' lang='lat' dir='ltr'><strong>putari</strong></span> 
     </span>
    </p>
   </div>
   <div class='ocr_carea' id='block_1_3' title="bbox 695 3199 1034 3211">
    <p class='ocr_par' dir='ltr' id='par_1_3' title="bbox 695 3199 1034 3211">
     <span class='ocr_line' id='line_1_24' title="bbox 695 3199 1034 3211; baseline 0 2148"><span class='ocrx_word' id='word_1_235' title='bbox 695 3199 1034 3211; x_wconf 95' lang='lat' dir='ltr'><strong> </strong></span> 
     </span>
    </p>
   </div>
   <div class='ocr_carea' id='block_1_4' title="bbox 691 3289 3143 4784">
    <p class='ocr_par' dir='ltr' id='par_1_4' title="bbox 691 3289 3141 4124">
     <span class='ocr_line' id='line_1_25' title="bbox 761 3289 3131 3359; baseline 0 -16"><span class='ocrx_word' id='word_1_236' title='bbox 761 3294 798 3357; x_wconf 80' lang='lat'><strong>¹)</strong></span> <span class='ocrx_word' id='word_1_237' title='bbox 868 3294 993 3343; x_wconf 79' lang='lat' dir='ltr'><strong>Fere</strong></span> <span class='ocrx_word' id='word_1_238' title='bbox 1025 3291 1199 3341; x_wconf 74' lang='lat' dir='ltr'><strong>iisdem</strong></span> <span class='ocrx_word' id='word_1_239' title='bbox 1239 3289 1402 3340; x_wconf 80' lang='lat' dir='ltr'><strong>verbis</strong></span> <span class='ocrx_word' id='word_1_240' title='bbox 1436 3289 1576 3354; x_wconf 82' lang='lat' dir='ltr'><strong>Epic.</strong></span> <span class='ocrx_word' id='word_1_241' title='bbox 1617 3292 1749 3355; x_wconf 80' lang='lat' dir='ltr'><strong>apud</strong></span> <span class='ocrx_word' id='word_1_242' title='bbox 1784 3292 1847 3341; x_wconf 92' lang='lat' dir='ltr'><strong>D.</strong></span> <span class='ocrx_word' id='word_1_243' title='bbox 1888 3292 1947 3342; x_wconf 86' lang='lat' dir='ltr'><strong>L.</strong></span> <span class='ocrx_word' id='word_1_244' title='bbox 1982 3292 2068 3354; x_wconf 90' lang='lat' dir='ltr'><strong>X,</strong></span> <span class='ocrx_word' id='word_1_245' title='bbox 2106 3297 2165 3343; x_wconf 84' lang='lat'><strong>41</strong></span> <span class='ocrx_word' id='word_1_246' title='bbox 2194 3329 2206 3342; x_wconf 90' lang='lat'><strong>.</strong></span> <span class='ocrx_word' id='word_1_247' title='bbox 2234 3330 2245 3342; x_wconf 91' lang='lat'><strong>.</strong></span> <span class='ocrx_word' id='word_1_248' title='bbox 2288 3295 2347 3345; x_wconf 85' lang='lat' dir='ltr'><strong>rb</strong></span> <span class='ocrx_word' id='word_1_249' title='bbox 2380 3298 2491 3344; x_wconf 71' lang='grc' dir='ltr'><strong>πᾶν</strong></span> <span class='ocrx_word' id='word_1_250' title='bbox 2522 3295 2735 3359; x_wconf 79' lang='grc' dir='ltr'><strong>ἄπειρόν</strong></span> <span class='ocrx_word' id='word_1_251' title='bbox 2768 3295 2903 3355; x_wconf 74' lang='grc' dir='ltr'><strong><em>ἐστι,</em></strong></span> <span class='ocrx_word' id='word_1_252' title='bbox 2939 3299 2998 3347; x_wconf 84' lang='lat' dir='ltr'><strong>rb</strong></span> <span class='ocrx_word' id='word_1_253' title='bbox 3033 3297 3131 3359; x_wconf 82' lang='grc' dir='ltr'><strong>γὰρ</strong></span> 
     </span>
     <span class='ocr_line' id='line_1_26' title="bbox 694 3385 3131 3455; baseline 0 -16"><span class='ocrx_word' id='word_1_254' title='bbox 694 3389 1078 3452; x_wconf 77' lang='grc' dir='ltr'><strong>πεπερασμένον</strong></span> <span class='ocrx_word' id='word_1_255' title='bbox 1127 3388 1286 3450; x_wconf 79' lang='grc' dir='ltr'><strong>ἄκρον</strong></span> <span class='ocrx_word' id='word_1_256' title='bbox 1329 3387 1459 3450; x_wconf 80' lang='grc' dir='ltr'><strong>ἔχει·</strong></span> <span class='ocrx_word' id='word_1_257' title='bbox 1485 3389 1542 3438; x_wconf 88' lang='lat' dir='ltr'><strong>rb</strong></span> <span class='ocrx_word' id='word_1_258' title='bbox 1577 3385 1781 3451; x_wconf 75' lang='grc' dir='ltr'><strong>δ’ἄκρον</strong></span> <span class='ocrx_word' id='word_1_259' title='bbox 1816 3387 1937 3452; x_wconf 81' lang='grc' dir='ltr'>παρ’</span> <span class='ocrx_word' id='word_1_260' title='bbox 1972 3388 2145 3451; x_wconf 81' lang='grc' dir='ltr'><strong>ἔτερόν</strong></span> <span class='ocrx_word' id='word_1_261' title='bbox 2180 3407 2228 3439; x_wconf 76' lang='grc' dir='ltr'><strong>τι</strong></span> <span class='ocrx_word' id='word_1_262' title='bbox 2261 3390 2526 3452; x_wconf 65' lang='lat' dir='ltr'><strong>&amp;empetros</strong></span> <span class='ocrx_word' id='word_1_263' title='bbox 2565 3389 2658 3455; x_wconf 83' lang='lat' dir='ltr'><strong>(vs.</strong></span> <span class='ocrx_word' id='word_1_264' title='bbox 2697 3392 2823 3451; x_wconf 83' lang='lat'>961,</span> <span class='ocrx_word' id='word_1_265' title='bbox 2870 3394 2928 3439; x_wconf 84' lang='lat' dir='ltr'><strong>ut</strong></span> <span class='ocrx_word' id='word_1_266' title='bbox 2963 3389 3131 3439; x_wconf 76' lang='lat' dir='ltr'><strong>videa·</strong></span> 
     </span>
     <span class='ocr_line' id='line_1_27' title="bbox 691 3480 3135 3548; baseline 0 -14"><span class='ocrx_word' id='word_1_267' title='bbox 691 3489 776 3535; x_wconf 87' lang='lat' dir='ltr'><strong>tur</strong></span> <span class='ocrx_word' id='word_1_268' title='bbox 819 3499 918 3547; x_wconf 91' lang='lat' dir='ltr'><strong>quo</strong></span> <span class='ocrx_word' id='word_1_269' title='bbox 959 3498 1060 3532; x_wconf 89' lang='lat' dir='ltr'><strong>non</strong></span> <span class='ocrx_word' id='word_1_270' title='bbox 1101 3480 1300 3545; x_wconf 80' lang='lat' dir='ltr'><strong>longius</strong></span> <span class='ocrx_word' id='word_1_271' title='bbox 1342 3480 1463 3530; x_wconf 84' lang='lat' dir='ltr'><strong>haec</strong></span> <span class='ocrx_word' id='word_1_272' title='bbox 1507 3498 1680 3531; x_wconf 87' lang='lat' dir='ltr'><strong>sensus</strong></span> <span class='ocrx_word' id='word_1_273' title='bbox 1733 3488 1915 3532; x_wconf 83' lang='lat' dir='ltr'><strong>natura</strong></span> <span class='ocrx_word' id='word_1_274' title='bbox 1968 3485 2238 3548; x_wconf 81' lang='lat' dir='ltr'><strong>sequatur).</strong></span> <span class='ocrx_word' id='word_1_275' title='bbox 2324 3484 2427 3533; x_wconf 87' lang='lat' dir='ltr'><strong>Hic</strong></span> <span class='ocrx_word' id='word_1_276' title='bbox 2482 3489 2647 3534; x_wconf 79' lang='lat' dir='ltr'><strong>autem</strong></span> <span class='ocrx_word' id='word_1_277' title='bbox 2680 3486 2846 3535; x_wconf 81' lang='lat' dir='ltr'><strong>deesse</strong></span> <span class='ocrx_word' id='word_1_278' title='bbox 2893 3484 3135 3535; x_wconf 79' lang='lat' dir='ltr'><strong>nonnulla</strong></span> 
     </span>
     <span class='ocr_line' id='line_1_28' title="bbox 692 3575 3136 3647; baseline 0.001 -19"><span class='ocrx_word' id='word_1_279' title='bbox 692 3578 844 3629; x_wconf 80' lang='lat' dir='ltr'><strong>verba</strong></span> <span class='ocrx_word' id='word_1_280' title='bbox 883 3578 1025 3628; x_wconf 89' lang='lat' dir='ltr'><strong>nobis</strong></span> <span class='ocrx_word' id='word_1_281' title='bbox 1058 3577 1290 3627; x_wconf 85' lang='lat' dir='ltr'><strong>videntur</strong></span> <span class='ocrx_word' id='word_1_282' title='bbox 1336 3575 1651 3627; x_wconf 79' lang='lat' dir='ltr'><strong>huiusmodi:</strong></span> <span class='ocrx_word' id='word_1_283' title='bbox 1707 3582 1851 3643; x_wconf 78' lang='grc' dir='ltr'>παρὰ</span> <span class='ocrx_word' id='word_1_284' title='bbox 1900 3579 1946 3630; x_wconf 81' lang='grc' dir='ltr'><strong>δὲ</strong></span> <span class='ocrx_word' id='word_1_285' title='bbox 1995 3585 2052 3632; x_wconf 85' lang='lat' dir='ltr'><strong>rb</strong></span> <span class='ocrx_word' id='word_1_286' title='bbox 2105 3584 2215 3631; x_wconf 80' lang='grc' dir='ltr'><strong>πᾶν</strong></span> <span class='ocrx_word' id='word_1_287' title='bbox 2247 3582 2403 3632; x_wconf 66' lang='grc' dir='ltr'><strong>οὐθὲν</strong></span> <span class='ocrx_word' id='word_1_288' title='bbox 2436 3583 2575 3631; x_wconf 81' lang='grc' dir='ltr'><strong>ἔστιν</strong></span> <span class='ocrx_word' id='word_1_289' title='bbox 2612 3582 2689 3641; x_wconf 87' lang='lat' dir='ltr'><strong>(cf.</strong></span> <span class='ocrx_word' id='word_1_290' title='bbox 2728 3582 2811 3647; x_wconf 88' lang='grc'><strong>39)</strong></span> <span class='ocrx_word' id='word_1_291' title='bbox 2847 3582 2969 3645; x_wconf 78' lang='grc' dir='ltr'><strong>παρ’</strong></span> <span class='ocrx_word' id='word_1_292' title='bbox 3005 3586 3033 3633; x_wconf 76' lang='grc' dir='ltr'><strong>ὃ</strong></span> <span class='ocrx_word' id='word_1_293' title='bbox 3067 3582 3136 3631; x_wconf 82' lang='grc' dir='ltr'><strong>ἂν</strong></span> 
     </span>
     <span class='ocr_line' id='line_1_29' title="bbox 694 3672 3131 3739; baseline 0.001 -16"><span class='ocrx_word' id='word_1_294' title='bbox 694 3674 1039 3736; x_wconf 69' lang='grc' dir='ltr'><strong>θεωρούμενον</strong></span> <span class='ocrx_word' id='word_1_295' title='bbox 1074 3675 1132 3723; x_wconf 92' lang='lat' dir='ltr'><strong>rb</strong></span> <span class='ocrx_word' id='word_1_296' title='bbox 1165 3673 1325 3734; x_wconf 77' lang='grc' dir='ltr'><strong>ἄκρον</strong></span> <span class='ocrx_word' id='word_1_297' title='bbox 1359 3672 1520 3721; x_wconf 76' lang='grc' dir='ltr'><strong>αὐτοῦ</strong></span> <span class='ocrx_word' id='word_1_298' title='bbox 1554 3676 1734 3736; x_wconf 80' lang='grc' dir='ltr'><strong>φανείη</strong></span> <span class='ocrx_word' id='word_1_299' title='bbox 1796 3674 1963 3737; x_wconf 86' lang='lat' dir='ltr'><strong>(Lucr.</strong></span> <span class='ocrx_word' id='word_1_300' title='bbox 2000 3674 2055 3735; x_wconf 91' lang='lat' dir='ltr'><strong>I,</strong></span> <span class='ocrx_word' id='word_1_301' title='bbox 2115 3676 2237 3736; x_wconf 85' lang='lat'><strong>963,</strong></span> <span class='ocrx_word' id='word_1_302' title='bbox 2280 3680 2398 3725; x_wconf 88' lang='grc'><strong>1001</strong></span> <span class='ocrx_word' id='word_1_303' title='bbox 2420 3713 2434 3737; x_wconf 83' lang='grc'><em>,</em></span> <span class='ocrx_word' id='word_1_304' title='bbox 2495 3676 2596 3727; x_wconf 83' lang='lat' dir='ltr'><strong>Cic.</strong></span> <span class='ocrx_word' id='word_1_305' title='bbox 2632 3678 2691 3727; x_wconf 86' lang='lat' dir='ltr'><strong>de</strong></span> <span class='ocrx_word' id='word_1_306' title='bbox 2725 3676 2842 3727; x_wconf 81' lang='lat' dir='ltr'><strong>Div.</strong></span> <span class='ocrx_word' id='word_1_307' title='bbox 2880 3678 2970 3739; x_wconf 93' lang='lat' dir='ltr'><strong>II,</strong></span> <span class='ocrx_word' id='word_1_308' title='bbox 3008 3681 3131 3739; x_wconf 88' lang='grc'>103,</span> 
     </span>
     <span class='ocr_line' id='line_1_30' title="bbox 696 3763 3138 3834; baseline 0.002 -18"><span class='ocrx_word' id='word_1_309' title='bbox 696 3767 828 3831; x_wconf 87' lang='lat' dir='ltr'><strong>quod</strong></span> <span class='ocrx_word' id='word_1_310' title='bbox 848 3765 1048 3815; x_wconf 87' lang='lat' dir='ltr'><strong>finitum</strong></span> <span class='ocrx_word' id='word_1_311' title='bbox 1069 3769 1168 3825; x_wconf 86' lang='lat' dir='ltr'><strong>est,</strong></span> <span class='ocrx_word' id='word_1_312' title='bbox 1203 3763 1396 3829; x_wconf 85' lang='lat' dir='ltr'><strong>inquit,</strong></span> <span class='ocrx_word' id='word_1_313' title='bbox 1419 3764 1570 3816; x_wconf 78' lang='lat' dir='ltr'><strong>habet</strong></span> <span class='ocrx_word' id='word_1_314' title='bbox 1585 3772 1863 3817; x_wconf 85' lang='lat' dir='ltr'><strong>extremum</strong></span> <span class='ocrx_word' id='word_1_315' title='bbox 1880 3804 1893 3817; x_wconf 87' lang='lat'><strong>.</strong></span> <span class='ocrx_word' id='word_1_316' title='bbox 1913 3804 1925 3817; x_wconf 90' lang='lat'>.</span> <span class='ocrx_word' id='word_1_317' title='bbox 1948 3806 1959 3817; x_wconf 91' lang='lat'><strong>.</strong></span> <span class='ocrx_word' id='word_1_318' title='bbox 1996 3770 2129 3834; x_wconf 87' lang='lat' dir='ltr'><strong>quod</strong></span> <span class='ocrx_word' id='word_1_319' title='bbox 2149 3776 2314 3820; x_wconf 79' lang='lat' dir='ltr'><strong>autem</strong></span> <span class='ocrx_word' id='word_1_320' title='bbox 2337 3770 2489 3821; x_wconf 80' lang='lat' dir='ltr'><strong>habet</strong></span> <span class='ocrx_word' id='word_1_321' title='bbox 2509 3778 2782 3821; x_wconf 84' lang='lat' dir='ltr'><strong>extremum</strong></span> <span class='ocrx_word' id='word_1_322' title='bbox 2795 3808 2809 3833; x_wconf 88' lang='lat'>,</span> <span class='ocrx_word' id='word_1_323' title='bbox 2843 3771 2896 3822; x_wconf 88' lang='lat' dir='ltr'><strong>id</strong></span> <span class='ocrx_word' id='word_1_324' title='bbox 2918 3771 3138 3822; x_wconf 76' lang='lat' dir='ltr'><strong>comitur</strong></span> 
     </span>
     <span class='ocr_line' id='line_1_31' title="bbox 696 3859 3139 3927; baseline 0.001 -15"><span class='ocrx_word' id='word_1_325' title='bbox 696 3878 760 3912; x_wconf 83' lang='lat' dir='ltr'><strong>ex</strong></span> <span class='ocrx_word' id='word_1_326' title='bbox 807 3860 906 3911; x_wconf 80' lang='lat' dir='ltr'><strong>alio</strong></span> <span class='ocrx_word' id='word_1_327' title='bbox 953 3859 1257 3911; x_wconf 83' lang='lat' dir='ltr'><strong>extrinsecus</strong></span> <span class='ocrx_word' id='word_1_328' title='bbox 1306 3899 1318 3913; x_wconf 89' lang='lat'><strong>.</strong></span> <span class='ocrx_word' id='word_1_329' title='bbox 1341 3898 1352 3911; x_wconf 90' lang='lat'><strong>.</strong></span> <span class='ocrx_word' id='word_1_330' title='bbox 1377 3896 1388 3910; x_wconf 90' lang='lat'><strong>.</strong></span> <span class='ocrx_word' id='word_1_331' title='bbox 1411 3896 1422 3909; x_wconf 95' lang='lat'><strong>.</strong></span> <span class='ocrx_word' id='word_1_332' title='bbox 1475 3867 1527 3911; x_wconf 85' lang='lat' dir='ltr'><strong>at</strong></span> <span class='ocrx_word' id='word_1_333' title='bbox 1559 3863 1690 3927; x_wconf 88' lang='lat' dir='ltr'><strong>quod</strong></span> <span class='ocrx_word' id='word_1_334' title='bbox 1723 3879 1867 3913; x_wconf 90' lang='lat' dir='ltr'><strong>omne</strong></span> <span class='ocrx_word' id='word_1_335' title='bbox 1900 3869 2001 3925; x_wconf 82' lang='lat' dir='ltr'><strong>est,</strong></span> <span class='ocrx_word' id='word_1_336' title='bbox 2034 3864 2087 3914; x_wconf 81' lang='lat' dir='ltr'><strong>id</strong></span> <span class='ocrx_word' id='word_1_337' title='bbox 2118 3881 2219 3916; x_wconf 87' lang='lat' dir='ltr'><strong>non</strong></span> <span class='ocrx_word' id='word_1_338' title='bbox 2252 3865 2469 3917; x_wconf 85' lang='lat' dir='ltr'><strong>cernitur</strong></span> <span class='ocrx_word' id='word_1_339' title='bbox 2500 3883 2564 3917; x_wconf 85' lang='lat' dir='ltr'><strong>ex</strong></span> <span class='ocrx_word' id='word_1_340' title='bbox 2597 3866 2695 3917; x_wconf 83' lang='lat' dir='ltr'><strong>alio</strong></span> <span class='ocrx_word' id='word_1_341' title='bbox 2727 3866 3032 3918; x_wconf 80' lang='lat' dir='ltr'><strong>extrinsecus</strong></span> <span class='ocrx_word' id='word_1_342' title='bbox 3051 3902 3063 3915; x_wconf 89' lang='lat'>.</span> <span class='ocrx_word' id='word_1_343' title='bbox 3084 3902 3099 3916; x_wconf 89' lang='lat'><strong>.</strong></span> <span class='ocrx_word' id='word_1_344' title='bbox 3125 3903 3139 3916; x_wconf 85' lang='lat'><strong>.</strong></span> 
     </span>
     <span class='ocr_line' id='line_1_32' title="bbox 694 3956 3141 4029; baseline 0.002 -21"><span class='ocrx_word' id='word_1_345' title='bbox 694 3956 825 4008; x_wconf 83' lang='lat' dir='ltr'><strong>nihil</strong></span> <span class='ocrx_word' id='word_1_346' title='bbox 867 3956 1024 4022; x_wconf 86' lang='lat' dir='ltr'><strong>igitur</strong></span> <span class='ocrx_word' id='word_1_347' title='bbox 1065 3974 1179 4008; x_wconf 90' lang='lat' dir='ltr'><strong>cum</strong></span> <span class='ocrx_word' id='word_1_348' title='bbox 1227 3958 1409 4009; x_wconf 81' lang='lat' dir='ltr'><strong>habeat</strong></span> <span class='ocrx_word' id='word_1_349' title='bbox 1457 3965 1761 4019; x_wconf 80' lang='lat' dir='ltr'><strong>extremum,</strong></span> <span class='ocrx_word' id='word_1_350' title='bbox 1812 3959 2063 4010; x_wconf 81' lang='lat' dir='ltr'><strong>infinitum</strong></span> <span class='ocrx_word' id='word_1_351' title='bbox 2098 3960 2193 4021; x_wconf 85' lang='lat' dir='ltr'><strong>sit,</strong></span> <span class='ocrx_word' id='word_1_352' title='bbox 2230 3977 2427 4011; x_wconf 81' lang='lat' dir='ltr'><strong>necesse</strong></span> <span class='ocrx_word' id='word_1_353' title='bbox 2459 3967 2600 4022; x_wconf 83' lang='lat' dir='ltr'><strong>est.):</strong></span> <span class='ocrx_word' id='word_1_354' title='bbox 2640 3991 2695 4000; x_wconf 91' lang='lat'>—</span> <span class='ocrx_word' id='word_1_355' title='bbox 2733 3964 2860 4014; x_wconf 78' lang='grc' dir='ltr'><strong>ὥστε</strong></span> <span class='ocrx_word' id='word_1_356' title='bbox 2892 3964 2985 4015; x_wconf 71' lang='grc' dir='ltr'><strong>οὐκ</strong></span> <span class='ocrx_word' id='word_1_357' title='bbox 3016 3963 3141 4029; x_wconf 80' lang='grc' dir='ltr'><strong>ἔχον</strong></span> 
     </span>
     <span class='ocr_line' id='line_1_33' title="bbox 697 4053 3037 4124; baseline 0.001 -19"><span class='ocrx_word' id='word_1_358' title='bbox 697 4055 885 4118; x_wconf 69' lang='grc' dir='ltr'><strong>ἄκρον.</strong></span> <span class='ocrx_word' id='word_1_359' title='bbox 923 4056 1083 4119; x_wconf 76' lang='grc' dir='ltr'><strong>πέρας</strong></span> <span class='ocrx_word' id='word_1_360' title='bbox 1117 4056 1210 4107; x_wconf 73' lang='grc' dir='ltr'><strong>οὒκ</strong></span> <span class='ocrx_word' id='word_1_361' title='bbox 1243 4056 1372 4120; x_wconf 83' lang='grc' dir='ltr'><strong>ἔχει,</strong></span> <span class='ocrx_word' id='word_1_362' title='bbox 1409 4053 1570 4119; x_wconf 76' lang='grc' dir='ltr'><strong>πέρας</strong></span> <span class='ocrx_word' id='word_1_363' title='bbox 1605 4054 1748 4105; x_wconf 67' lang='grc' dir='ltr'><strong>δὀὐκ</strong></span> <span class='ocrx_word' id='word_1_364' title='bbox 1782 4054 1935 4120; x_wconf 84' lang='grc' dir='ltr'><strong>ἔχον,</strong></span> <span class='ocrx_word' id='word_1_365' title='bbox 1973 4058 2183 4119; x_wconf 81' lang='grc' dir='ltr'><strong>ἄπειρον</strong></span> <span class='ocrx_word' id='word_1_366' title='bbox 2218 4058 2284 4107; x_wconf 84' lang='grc' dir='ltr'><strong>ἂν</strong></span> <span class='ocrx_word' id='word_1_367' title='bbox 2316 4060 2390 4118; x_wconf 81' lang='grc' dir='ltr'><strong>εἴη</strong></span> <span class='ocrx_word' id='word_1_368' title='bbox 2426 4060 2509 4108; x_wconf 70' lang='grc' dir='ltr'><strong>καὶ</strong></span> <span class='ocrx_word' id='word_1_369' title='bbox 2544 4059 2605 4109; x_wconf 75' lang='grc' dir='ltr'><strong>οὗ</strong></span> <span class='ocrx_word' id='word_1_370' title='bbox 2640 4058 3037 4124; x_wconf 68' lang='grc' dir='ltr'><strong>πεπερασμίνον.</strong></span> 
     </span>
    </p>

    <p class='ocr_par' dir='ltr' id='par_1_5' title="bbox 695 4146 3142 4592">
     <span class='ocr_line' id='line_1_34' title="bbox 763 4146 3141 4237; baseline 0.004 -43"><span class='ocrx_word' id='word_1_371' title='bbox 763 4146 802 4204; x_wconf 85' lang='lat'><strong>²)</strong></span> <span class='ocrx_word' id='word_1_372' title='bbox 869 4146 1066 4197; x_wconf 84' lang='lat' dir='ltr'><strong>Lucret.</strong></span> <span class='ocrx_word' id='word_1_373' title='bbox 1113 4146 1172 4209; x_wconf 93' lang='grc' dir='ltr'><strong>Ι,</strong></span> <span class='ocrx_word' id='word_1_374' title='bbox 1227 4150 1351 4198; x_wconf 89' lang='grc'>1009</span> <span class='ocrx_word' id='word_1_375' title='bbox 1401 4163 1534 4213; x_wconf 83' lang='lat' dir='ltr'><strong>seqq.</strong></span> <span class='ocrx_word' id='word_1_376' title='bbox 1605 4148 1740 4198; x_wconf 86' lang='lat' dir='ltr'><strong>Sext.</strong></span> <span class='ocrx_word' id='word_1_377' title='bbox 1789 4148 1933 4213; x_wconf 83' lang='lat' dir='ltr'><strong>Emp.</strong></span> <span class='ocrx_word' id='word_1_378' title='bbox 1970 4151 2081 4199; x_wconf 74' lang='lat' dir='ltr'><strong>adv.</strong></span> <span class='ocrx_word' id='word_1_379' title='bbox 2127 4149 2479 4237; x_wconf 34' lang='lat' dir='ltr'><strong>Mathemffi„</strong></span> <span class='ocrx_word' id='word_1_380' title='bbox 2531 4153 2612 4202; x_wconf 72' lang='grc' dir='ltr'><strong>ὁτὲ</strong></span> <span class='ocrx_word' id='word_1_381' title='bbox 2647 4155 2737 4216; x_wconf 82' lang='grc' dir='ltr'><strong>μὲν</strong></span> <span class='ocrx_word' id='word_1_382' title='bbox 2769 4155 2866 4218; x_wconf 81' lang='grc' dir='ltr'><strong>γάρ</strong></span> <span class='ocrx_word' id='word_1_383' title='bbox 2900 4163 3055 4217; x_wconf 80' lang='grc' dir='ltr'><strong>φησιν</strong></span> <span class='ocrx_word' id='word_1_384' title='bbox 3089 4154 3141 4221; x_wconf 71' lang='grc' dir='ltr'><strong>(ᾇ</strong></span> 
     </span>
     <span class='ocr_line' id='line_1_35' title="bbox 698 4241 3136 4309; baseline 0.003 -17"><span class='ocrx_word' id='word_1_385' title='bbox 698 4241 1022 4307; x_wconf 75' lang='grc' dir='ltr'><strong>Ἐπίκουρος)</strong></span> <span class='ocrx_word' id='word_1_386' title='bbox 1057 4244 1139 4293; x_wconf 72' lang='grc' dir='ltr'><strong>ὅτι</strong></span> <span class='ocrx_word' id='word_1_387' title='bbox 1175 4242 1202 4303; x_wconf 79' lang='grc' dir='ltr'>ὴ</span> <span class='ocrx_word' id='word_1_388' title='bbox 1238 4248 1344 4293; x_wconf 74' lang='grc' dir='ltr'><strong>τῶν</strong></span> <span class='ocrx_word' id='word_1_389' title='bbox 1374 4246 1513 4295; x_wconf 78' lang='grc' dir='ltr'><strong>ὅλων</strong></span> <span class='ocrx_word' id='word_1_390' title='bbox 1545 4244 1694 4309; x_wconf 76' lang='grc' dir='ltr'>φύσις</span> <span class='ocrx_word' id='word_1_391' title='bbox 1729 4246 1942 4308; x_wconf 74' lang='grc' dir='ltr'><strong><em>σώματά</em></strong></span> <span class='ocrx_word' id='word_1_392' title='bbox 1976 4244 2084 4295; x_wconf 75' lang='grc' dir='ltr'><strong>ἐστι</strong></span> <span class='ocrx_word' id='word_1_393' title='bbox 2118 4246 2204 4296; x_wconf 73' lang='grc' dir='ltr'><strong>καὶ</strong></span> <span class='ocrx_word' id='word_1_394' title='bbox 2236 4250 2409 4305; x_wconf 72' lang='grc' dir='ltr'><strong>κενὸν,</strong></span> <span class='ocrx_word' id='word_1_395' title='bbox 2446 4248 2527 4298; x_wconf 75' lang='grc' dir='ltr'><strong>ὁτὲ</strong></span> <span class='ocrx_word' id='word_1_396' title='bbox 2563 4246 2643 4306; x_wconf 85' lang='grc' dir='ltr'><strong>δὲ,</strong></span> <span class='ocrx_word' id='word_1_397' title='bbox 2680 4248 2761 4297; x_wconf 78' lang='grc' dir='ltr'><strong>ὅτι</strong></span> <span class='ocrx_word' id='word_1_398' title='bbox 2797 4250 2856 4298; x_wconf 81' lang='lat' dir='ltr'><strong>rb</strong></span> <span class='ocrx_word' id='word_1_399' title='bbox 2892 4251 3000 4299; x_wconf 78' lang='grc' dir='ltr'><strong>πᾶν</strong></span> <span class='ocrx_word' id='word_1_400' title='bbox 3022 4248 3136 4299; x_wconf 64' lang='grc' dir='ltr'><strong>κατ’</strong></span> 
     </span>
     <span class='ocr_line' id='line_1_36' title="bbox 695 4338 3142 4404; baseline 0.002 -17"><span class='ocrx_word' id='word_1_401' title='bbox 695 4339 952 4401; x_wconf 68' lang='grc' dir='ltr'><strong>ἀμφότερα</strong></span> <span class='ocrx_word' id='word_1_402' title='bbox 984 4338 1198 4401; x_wconf 74' lang='grc' dir='ltr'><strong>ἄπειρόν</strong></span> <span class='ocrx_word' id='word_1_403' title='bbox 1232 4338 1369 4397; x_wconf 77' lang='grc' dir='ltr'>ἐστι,</span> <span class='ocrx_word' id='word_1_404' title='bbox 1404 4342 1536 4389; x_wconf 69' lang='grc' dir='ltr'><strong>κατὰ</strong></span> <span class='ocrx_word' id='word_1_405' title='bbox 1572 4341 1634 4388; x_wconf 79' lang='grc' dir='ltr'><strong>τὰ</strong></span> <span class='ocrx_word' id='word_1_406' title='bbox 1669 4341 1878 4404; x_wconf 77' lang='grc' dir='ltr'>σώματα</span> <span class='ocrx_word' id='word_1_407' title='bbox 1914 4341 1997 4389; x_wconf 70' lang='grc' dir='ltr'><strong>καὶ</strong></span> <span class='ocrx_word' id='word_1_408' title='bbox 2034 4344 2092 4392; x_wconf 85' lang='lat' dir='ltr'><strong>rb</strong></span> <span class='ocrx_word' id='word_1_409' title='bbox 2128 4340 2275 4390; x_wconf 75' lang='grc' dir='ltr'><strong>κενὸν</strong></span> <span class='ocrx_word' id='word_1_410' title='bbox 2296 4378 2309 4400; x_wconf 84' lang='lat'>‚</span> <span class='ocrx_word' id='word_1_411' title='bbox 2342 4341 2578 4392; x_wconf 72' lang='grc' dir='ltr'><strong>τουτέστι</strong></span> <span class='ocrx_word' id='word_1_412' title='bbox 2614 4344 2746 4392; x_wconf 77' lang='grc' dir='ltr'><strong>κατά</strong></span> <span class='ocrx_word' id='word_1_413' title='bbox 2772 4361 2824 4395; x_wconf 71' lang='grc' dir='ltr'><strong>τε</strong></span> <span class='ocrx_word' id='word_1_414' title='bbox 2851 4347 2909 4395; x_wconf 89' lang='lat' dir='ltr'><strong>rb</strong></span> <span class='ocrx_word' id='word_1_415' title='bbox 2934 4344 3142 4404; x_wconf 62' lang='grc' dir='ltr'><strong>πλῆθος</strong></span> 
     </span>
     <span class='ocr_line' id='line_1_37' title="bbox 699 4433 3134 4502; baseline 0.002 -19"><span class='ocrx_word' id='word_1_416' title='bbox 699 4436 803 4483; x_wconf 62' lang='grc' dir='ltr'><strong>νῦν</strong></span> <span class='ocrx_word' id='word_1_417' title='bbox 851 4433 1101 4497; x_wconf 75' lang='grc' dir='ltr'><strong>σωμάτων</strong></span> <span class='ocrx_word' id='word_1_418' title='bbox 1156 4434 1242 4482; x_wconf 78' lang='grc' dir='ltr'><strong>καὶ</strong></span> <span class='ocrx_word' id='word_1_419' title='bbox 1288 4436 1421 4485; x_wconf 72' lang='grc' dir='ltr'>κατὰ</span> <span class='ocrx_word' id='word_1_420' title='bbox 1471 4434 1680 4502; x_wconf 67' lang='grc' dir='ltr'><strong>μίγεθος</strong></span> <span class='ocrx_word' id='word_1_421' title='bbox 1731 4435 1825 4485; x_wconf 75' lang='grc' dir='ltr'><strong>τοῦ</strong></span> <span class='ocrx_word' id='word_1_422' title='bbox 1859 4438 2032 4495; x_wconf 78' lang='grc' dir='ltr'><strong>κενοῦ,</strong></span> <span class='ocrx_word' id='word_1_423' title='bbox 2090 4437 2551 4499; x_wconf 73' lang='grc' dir='ltr'><strong>ἀντιπαρηκουσῶν</strong></span> <span class='ocrx_word' id='word_1_424' title='bbox 2584 4439 2845 4498; x_wconf 77' lang='grc' dir='ltr'>ἀλλήλαις</span> <span class='ocrx_word' id='word_1_425' title='bbox 2879 4444 2984 4489; x_wconf 80' lang='grc' dir='ltr'><strong>τῶν</strong></span> <span class='ocrx_word' id='word_1_426' title='bbox 3018 4439 3134 4488; x_wconf 64' lang='grc' dir='ltr'><strong>καθ’</strong></span> 
     </span>
     <span class='ocr_line' id='line_1_38' title="bbox 697 4526 1225 4592; baseline 0 -14"><span class='ocrx_word' id='word_1_427' title='bbox 697 4526 934 4592; x_wconf 72' lang='grc' dir='ltr'><strong>ἑκάτερον</strong></span> <span class='ocrx_word' id='word_1_428' title='bbox 966 4530 1225 4591; x_wconf 79' lang='grc' dir='ltr'><strong>ἀπειριῶν.</strong></span> 
     </span>
    </p>

    <p class='ocr_par' dir='ltr' id='par_1_6' title="bbox 699 4623 3143 4784">
     <span class='ocr_line' id='line_1_39' title="bbox 761 4623 3143 4694; baseline 0.002 -21"><span class='ocrx_word' id='word_1_429' title='bbox 761 4624 802 4687; x_wconf 80' lang='lat'><strong>³)</strong></span> <span class='ocrx_word' id='word_1_430' title='bbox 870 4623 956 4673; x_wconf 80' lang='lat' dir='ltr'><strong>Vs.</strong></span> <span class='ocrx_word' id='word_1_431' title='bbox 1009 4626 1234 4674; x_wconf 74' lang='grc'>958-84</span> <span class='ocrx_word' id='word_1_432' title='bbox 1268 4643 1326 4670; x_wconf 88' lang='lat'><strong><em>=</em></strong></span> <span class='ocrx_word' id='word_1_433' title='bbox 1364 4628 1423 4677; x_wconf 77' lang='lat' dir='ltr'><strong>rb</strong></span> <span class='ocrx_word' id='word_1_434' title='bbox 1456 4628 1564 4676; x_wconf 77' lang='grc' dir='ltr'><strong>πᾶν</strong></span> <span class='ocrx_word' id='word_1_435' title='bbox 1597 4625 1841 4690; x_wconf 77' lang='grc' dir='ltr'><strong>ἄπειρον,</strong></span> <span class='ocrx_word' id='word_1_436' title='bbox 1893 4647 1938 4677; x_wconf 73' lang='grc' dir='ltr'><strong>ε.</strong></span> <span class='ocrx_word' id='word_1_437' title='bbox 1972 4645 2017 4678; x_wconf 84' lang='lat' dir='ltr'><strong>r.</strong></span> <span class='ocrx_word' id='word_1_438' title='bbox 2053 4626 2073 4677; x_wconf 80' lang='grc' dir='ltr'><strong>ὲ</strong></span> <span class='ocrx_word' id='word_1_439' title='bbox 2124 4639 2238 4691; x_wconf 80' lang='lat' dir='ltr'><strong>pag.</strong></span> <span class='ocrx_word' id='word_1_440' title='bbox 2288 4644 2395 4692; x_wconf 84' lang='lat' dir='ltr'><strong>sup.</strong></span> <span class='ocrx_word' id='word_1_441' title='bbox 2430 4634 2533 4679; x_wconf 88' lang='lat' dir='ltr'><strong>not.</strong></span> <span class='ocrx_word' id='word_1_442' title='bbox 2572 4632 2633 4690; x_wconf 77' lang='lat'><strong>23</strong></span> <span class='ocrx_word' id='word_1_443' title='bbox 2687 4631 2781 4679; x_wconf 78' lang='grc'><strong>984</strong></span> <span class='ocrx_word' id='word_1_444' title='bbox 2815 4644 2922 4694; x_wconf 86' lang='lat' dir='ltr'><strong>sqq.</strong></span> <span class='ocrx_word' id='word_1_445' title='bbox 2960 4648 3018 4675; x_wconf 90' lang='lat'><strong><em>=</em></strong></span> <span class='ocrx_word' id='word_1_446' title='bbox 3054 4630 3143 4679; x_wconf 70' lang='lat' dir='ltr'><strong>nai</strong></span> 
     </span>
     <span class='ocr_line' id='line_1_40' title="bbox 699 4718 1596 4784; baseline 0 -16"><span class='ocrx_word' id='word_1_447' title='bbox 699 4718 801 4784; x_wconf 83' lang='grc' dir='ltr'><strong>μὴν</strong></span> <span class='ocrx_word' id='word_1_448' title='bbox 832 4719 917 4769; x_wconf 73' lang='grc' dir='ltr'><strong>καὶ</strong></span> <span class='ocrx_word' id='word_1_449' title='bbox 937 4754 948 4766; x_wconf 93' lang='grc'><strong>.</strong></span> <span class='ocrx_word' id='word_1_450' title='bbox 967 4755 982 4771; x_wconf 94' lang='grc'><strong>.</strong></span> <span class='ocrx_word' id='word_1_451' title='bbox 1001 4754 1012 4767; x_wconf 91' lang='grc'><strong>.</strong></span> <span class='ocrx_word' id='word_1_452' title='bbox 1037 4737 1081 4769; x_wconf 73' lang='grc' dir='ltr'><strong>κ.</strong></span> <span class='ocrx_word' id='word_1_453' title='bbox 1110 4738 1154 4770; x_wconf 87' lang='lat' dir='ltr'><strong>r.</strong></span> <span class='ocrx_word' id='word_1_454' title='bbox 1180 4718 1212 4770; x_wconf 80' lang='grc' dir='ltr'><strong>ἑ.</strong></span> <span class='ocrx_word' id='word_1_455' title='bbox 1245 4718 1378 4770; x_wconf 82' lang='lat' dir='ltr'><strong>infra</strong></span> <span class='ocrx_word' id='word_1_456' title='bbox 1409 4725 1512 4769; x_wconf 88' lang='lat' dir='ltr'><strong>not.</strong></span> <span class='ocrx_word' id='word_1_457' title='bbox 1551 4723 1596 4770; x_wconf 90' lang='grc'><strong>3.</strong></span> 
     </span>
    </p>
   </div>
  </div>
 </body>
</html>
