3529 5359
1859 376 1979 438 142

703 583 790 657 εἰς
835 578 946 659 τοὶς
1009 577 1245 658 ἐνδείας
1289 584 1603 645 ποιεῖσθαι
1650 581 2020 664 παράθεσιν.
2128 579 2468 644 Lucretius
2514 580 2790 665 primum
2834 585 3160 644 memorat

701 716 904 780 genus
962 695 1313 760 humanum
1364 696 1566 760 multo
1613 702 1750 759 tum
1798 695 2015 760 durius
2060 702 2125 760 et
2170 696 2393 762 fortius
2440 703 2505 761 et
2548 698 2869 762 robustius
2913 697 3121 761 fuisse
3141 745 3159 781 ,

703 835 847 878 oum
893 813 1147 896 durior,
1210 813 1520 896 validior,
1586 815 1901 879 recentior
1946 822 2117 880 terra
2160 815 2228 879 id
2272 823 2547 880 creasset
2592 819 2645 899 ¹).
2745 816 3159 900 „Volgivago

702 929 902 993 vitam
963 929 1322 994 tractabant
1388 950 1564 993 more
1629 930 1969 994 ferarum.”
2060 931 2513 1016 Agriculturae
2580 932 2891 1017 imperitis
2944 929 3161 1017 „quod

703 1047 799 1110 sol
851 1053 1042 1134 atque
1087 1047 1322 1111 imbres
1368 1047 1708 1131 dederant,
1779 1050 1948 1135 quod
1995 1055 2164 1113 terra
2208 1056 2452 1115 crearat
2498 1055 2721 1136 sponte
2769 1071 2923 1132 sua,
2998 1048 3159 1112 satis

701 1163 770 1227 id
828 1164 1122 1250 placabat
1195 1171 1454 1250 pectora
1502 1165 1800 1229 donum.’‘
1894 1166 2205 1249 GlandeS‚
2270 1167 2497 1231 arbuta
2542 1167 2793 1252 aliaque
2838 1166 2904 1229 id
2943 1187 3158 1251 genus

703 1282 944 1346 fructus
1006 1304 1114 1347 eos
1181 1283 1573 1347 nutriebant.
1671 1284 1801 1366 „At
1872 1284 2095 1349 sedare
2140 1285 2312 1348 sitim
2354 1285 2534 1348 fluvii
2584 1285 2915 1370 fontesque
2962 1305 3156 1347 voca-

699 1399 888 1482 bant,
959 1406 1033 1464 ut
1099 1422 1268 1464 nunc
1335 1400 1656 1464 montibus
1702 1422 1736 1465 e
1783 1403 2031 1486 magnis
2078 1401 2377 1465 decursus
2422 1403 2609 1488 aquai
2654 1401 2973 1485 clarigitat
3018 1402 3153 1464 late

697 1517 978 1582 sitientia
1043 1517 1250 1580 saecla
1322 1517 1662 1580 ferarum‘’.
1784 1519 1995 1602 Ignis,
2075 1524 2285 1581 vestes
2311 1569 2326 1600 ,
2405 1519 2627 1582 domus
2670 1519 2750 1581 iis
2798 1525 2981 1582 erant
3044 1539 3153 1582 res

694 1634 971 1718 ignotae.
1068 1635 1242 1715 „Nec
1311 1654 1646 1697 commune
1712 1634 1950 1698 bonum
1995 1641 2291 1720 poterant
2337 1643 2624 1720 spectare
2658 1685 2674 1718 ,
2743 1657 2951 1721 neque
2999 1635 3150 1699 ullis

692 1752 975 1815 moribus
1039 1752 1208 1814 inter
1273 1771 1340 1814 se
1409 1751 1653 1815 scibant
1697 1773 1816 1815 nec
1864 1752 2113 1836 legibus
2158 1752 2316 1815 uti”.
2412 1753 2536 1834 „Et
2582 1752 2805 1817 Venus
2849 1754 2917 1816 in
2964 1753 3147 1816 silvis

684 1869 1000 1953 iungebat
1046 1889 1309 1954 corpora
1353 1870 1743 1932 amantum.'’

789 1987 1160 2068 „Silvestria
1203 1985 1491 2050 membra
1538 1987 1709 2050 nuda
1739 1986 1974 2050 dabant
1997 1993 2205 2050 terrae
2225 2036 2241 2069 ,
2287 1993 2593 2050 nocturno
2623 1994 2908 2073 tempore
2942 1987 3147 2072 capti,

698 2105 936 2168 circum
995 2125 1063 2168 se
1111 2104 1280 2167 foliis
1326 2125 1398 2167 ac
1445 2104 1773 2167 frondibus
1818 2104 2280 2168 involventes.”
2370 2104 2693 2168 Tenebras
2740 2126 2866 2168 non
2899 2111 3147 2168 metue-

689 2222 876 2304 bant,
929 2222 1078 2303 „sed
1122 2222 1331 2305 magis
1377 2221 1538 2285 illud
1583 2227 1722 2286 erat
1769 2243 1957 2286 curae
1983 2272 1999 2305 ,
2047 2221 2217 2308 quod
2272 2223 2480 2286 saecla
2538 2223 2816 2286 ferarum
2847 2223 3147 2286 infestam

691 2340 938 2403 miseris
983 2340 1300 2404 faciebant
1345 2360 1537 2425 saepe
1585 2341 1933 2425 quietem’'.

779 2455 1024 2519 Rursus
1071 2455 1400 2519 fatendum
1449 2462 1545 2519 est
1594 2456 1851 2520 omnino
1881 2455 2046 2520 hanc
2080 2457 2430 2520 doctrinam
2456 2456 2533 2519 de
2564 2456 2913 2541 primorum
2944 2454 3146 2518 homi-

692 2594 846 2637 num
890 2572 1174 2636 moribus
1223 2573 1462 2658 optime
1513 2574 1857 2637 convenire
1905 2595 2049 2637 cum
2096 2574 2585 2637 clarissimorum
2628 2579 2883 2636 nostrae
2916 2572 3147 2636 aetatis

695 2690 1022 2755 doctorum
1089 2692 1359 2777 repertis
1390 2690 1454 2773 ²).
1547 2692 1652 2755 Ab
1726 2692 1900 2755 omni
1960 2691 2356 2776 mythologia
2421 2713 2675 2777 prorsus
2738 2691 2985 2754 alienus
3048 2696 3147 2754 est

692 2815 924 2896 poeta:
998 2831 1143 2874 cum
1208 2814 1451 2873 terrore
1521 2815 1585 2873 et
1653 2817 1872 2891 metu,
1940 2809 2167 2895 quibus
2234 2809 2498 2895 antiqua
2557 2808 2783 2892 religio
2852 2807 3147 2871 homines

694 2924 948 3007 affecit,
1009 2926 1198 2988 simul
1259 2946 1478 2989 omnes
1523 2926 1783 3011 pulcras
1829 2916 2075 2989 fabulas
2119 2926 2457 3010 omniaque
2503 2931 2834 3009 poetarum
2880 2924 3147 2987 inventa

700 3042 781 3106 de
834 3042 1027 3126 longa
1069 3042 1384 3128 beataque
1430 3044 1564 3107 vita
1607 3044 1956 3127 primorum
2000 3042 2331 3106 hominum
2377 3042 2629 3105 abiecit.
2720 3041 3036 3105 Homines
3067 3060 3143 3103 eo

699 3166 987 3246 tempore
1055 3159 1254 3223 nihilo
1321 3161 1530 3223 minus
1591 3161 2026 3229 moriebantur
2071 3181 2263 3247 quam
2307 3181 2475 3223 nunc
2502 3208 2518 3241 ,
2574 3159 2806 3243 partim
2852 3180 2890 3221 a
2936 3158 3143 3222 saevis

701 3279 1081 3343 animalibus
1128 3278 1448 3360 devorati,
1495 3299 1639 3341 cum
1685 3279 1926 3342 auxilio
1972 3280 2287 3364 armisque
2335 3283 2665 3360 carerent,
2711 3277 2944 3362 partim
2984 3277 3144 3340 alias

699 3395 779 3461 ob
841 3416 1101 3478 causas;
1177 3415 1350 3458 mare
1417 3399 1666 3457 tantum
1725 3416 1856 3458 non
1925 3401 2019 3458 tot
2080 3396 2371 3459 homines
2439 3395 2629 3458 morti
2674 3393 2903 3458 obtulit
2949 3400 3143 3479 atque

697 3534 902 3595 nunc,
984 3513 1282 3599 quoniam
1355 3533 1456 3575 ars
1522 3512 1780 3576 nautica
1848 3512 2181 3576 etiamtum
2247 3514 2469 3596 ignota
2514 3518 2652 3576 erat
2686 3511 2749 3594 ³).
2865 3514 2983 3577 Διὸ
3046 3517 3142 3577 καὶ

698 3630 992 3704 πολλοὺς
1039 3631 1248 3695 αὐτῶν
1293 3630 1706 3694 ἀπόλλυσθαι
1751 3628 1904 3694 κατ-οὶ
1946 3634 2097 3709 τοὺς
2146 3636 2495 3716 χειμῶνας,
2556 3616 2653 3695 3ιὰ
2699 3656 2760 3693 τε
2803 3631 2875 3694 τὸ
2923 3632 3144 3715 ψῦχος

699 3752 797 3813 καὶ
843 3749 959 3822 τὴν
1005 3748 1237 3812 σπάνιν
1280 3756 1390 3825 τῆς
1422 3758 1662 3832 τροφῆς
1685 3748 1751 3828 4).
1802 3746 1929 3811 Sed
1957 3747 2265 3831 paulatim
2296 3767 2504 3810 mores
2535 3751 2881 3830 coeperunt
2912 3746 3141 3809 excoli.

788 3864 980 3928 Casas
1025 3864 1146 3927 sibi
1177 3869 1670 3928 construxerunt
1698 3862 1987 3927 homines
2014 3913 2029 3946 ,
2076 3864 2349 3948 pellibus
2382 3884 2448 3927 se
2479 3863 2829 3927 induerunt
2862 3912 2877 3945 ,
2923 3863 3143 3947 ignem

696 3981 1101 4063 invenerunt,
1150 3980 1455 4044 familiam
1503 3979 1970 4044 condiderunt:
2026 3984 2200 4061 „tum
2248 4000 2453 4063 genus
2482 3978 2833 4043 humanum
2866 3980 3143 4064 primum

697 4098 1067 4163 mollescere
1114 4096 1362 4182 coepit’‘
1390 4147 1406 4180 ,
1433 4096 1476 4181 ⁵)
1525 4097 1805 4161 amicitia
1848 4097 2092 4161 animos
2134 4097 2499 4181 mitigavit,
2553 4097 2757 4179 „bona
2783 4117 3141 4183 magnaque

699 4236 846 4301 pars
889 4214 1184 4279 servabat
1228 4214 1486 4278 foedera
1530 4221 1700 4278 caste
1733 4214 1847 4292 ⁰)”.

765 4386 806 4449 ¹)
872 4387 936 4438 V.
974 4390 1064 4437 931
1101 4402 1235 4451 seqq.

762 4469 800 4533 ²)
871 4466 949 4517 Cf.
985 4466 1192 4517 Peschel
1209 4503 1223 4527 ,
1258 4466 1493 4517 Volkerk.
1528 4482 1640 4531 pag.
1682 4467 1771 4520 137
1808 4483 1943 4532 seqq.

760 4549 803 4610 8)
871 4550 1178 4597 988-1010,

760 4626 802 4692 ⁴)
874 4626 1020 4678 Diod.
1059 4627 1157 4677 Sic.
1191 4626 1227 4675 l.
1261 4625 1296 4675 1.

755 4714 802 4775 ε)
877 4712 1018 4760 1014.

761 4790 802 4856 ο)
876 4790 1015 4839 1025.
