<?xml version="1.0" encoding="UTF-8"?>
<!DOCTYPE html PUBLIC "-//W3C//DTD XHTML 1.0 Transitional//EN"
    "http://www.w3.org/TR/xhtml1/DTD/xhtml1-transitional.dtd">
<html xmlns="http://www.w3.org/1999/xhtml" xml:lang="en" lang="en">
 <head>
  <title>
</title>
<meta http-equiv="Content-Type" content="text/html;charset=utf-8" />
  <meta name='ocr-system' content='tesseract 3.04.00' />
  <meta name='ocr-capabilities' content='ocr_page ocr_carea ocr_par ocr_line ocrx_word'/>
</head>
<body>
  <div class='ocr_page' id='page_1' title='image "./lucretiiphiloso01woltgoog_0020.png"; bbox 0 0 3529 5359; ppageno 0'>
   <div class='ocr_carea' id='block_1_1' title="bbox 1902 334 1941 398">
    <p class='ocr_par' dir='ltr' id='par_1_1' title="bbox 1902 334 1941 398">
     <span class='ocr_line' id='line_1_1' title="bbox 1902 334 1941 398; baseline 0 0"><span class='ocrx_word' id='word_1_1' title='bbox 1902 334 1941 398; x_wconf 88' lang='lat'>8</span> 
     </span>
    </p>
   </div>
   <div class='ocr_carea' id='block_1_2' title="bbox 700 534 3150 1673">
    <p class='ocr_par' dir='ltr' id='par_1_2' title="bbox 700 534 3150 1673">
     <span class='ocr_line' id='line_1_2' title="bbox 703 534 3150 622; baseline 0 -22"><span class='ocrx_word' id='word_1_2' title='bbox 703 535 1010 602; x_wconf 79' lang='lat' dir='ltr'><strong>Ovidius:</strong></span> <span class='ocrx_word' id='word_1_3' title='bbox 1106 534 1443 618; x_wconf 83' lang='lat' dir='ltr'><strong>„Carmina</strong></span> <span class='ocrx_word' id='word_1_4' title='bbox 1511 534 1796 600; x_wconf 90' lang='lat' dir='ltr'><strong>sublimis</strong></span> <span class='ocrx_word' id='word_1_5' title='bbox 1836 540 1989 599; x_wconf 91' lang='lat' dir='ltr'><strong>tunc</strong></span> <span class='ocrx_word' id='word_1_6' title='bbox 2050 542 2198 600; x_wconf 89' lang='lat' dir='ltr'><strong>sunt</strong></span> <span class='ocrx_word' id='word_1_7' title='bbox 2255 537 2539 622; x_wconf 89' lang='lat' dir='ltr'><strong>peritura</strong></span> <span class='ocrx_word' id='word_1_8' title='bbox 2580 536 2840 602; x_wconf 82' lang='lat' dir='ltr'><strong>Lucreti</strong></span> <span class='ocrx_word' id='word_1_9' title='bbox 2863 587 2880 620; x_wconf 88' lang='lat'>,</span> <span class='ocrx_word' id='word_1_10' title='bbox 2938 537 3150 600; x_wconf 85' lang='lat' dir='ltr'><strong>exitio</strong></span> 
     </span>
     <span class='ocr_line' id='line_1_3' title="bbox 702 648 3149 738; baseline -0.001 -20"><span class='ocrx_word' id='word_1_11' title='bbox 702 659 912 718; x_wconf 91' lang='lat' dir='ltr'><strong>terras.</strong></span> <span class='ocrx_word' id='word_1_12' title='bbox 967 674 1111 718; x_wconf 89' lang='lat' dir='ltr'><strong>cum</strong></span> <span class='ocrx_word' id='word_1_13' title='bbox 1179 651 1356 717; x_wconf 87' lang='lat' dir='ltr'><strong>dabit</strong></span> <span class='ocrx_word' id='word_1_14' title='bbox 1398 673 1528 716; x_wconf 88' lang='lat' dir='ltr'><strong>una</strong></span> <span class='ocrx_word' id='word_1_15' title='bbox 1572 650 1749 716; x_wconf 86' lang='lat' dir='ltr'><strong>dies&#39;‘</strong></span> <span class='ocrx_word' id='word_1_16' title='bbox 1774 656 1815 730; x_wconf 90' lang='lat'><strong>¹)</strong></span> <span class='ocrx_word' id='word_1_17' title='bbox 1889 656 1953 716; x_wconf 89' lang='lat' dir='ltr'><strong>et</strong></span> <span class='ocrx_word' id='word_1_18' title='bbox 2005 651 2333 738; x_wconf 84' lang='lat' dir='ltr'><strong>Vergilius</strong></span> <span class='ocrx_word' id='word_1_19' title='bbox 2349 703 2366 736; x_wconf 87' lang='lat'>,</span> <span class='ocrx_word' id='word_1_20' title='bbox 2412 653 2593 718; x_wconf 91' lang='lat' dir='ltr'><strong>cuius</strong></span> <span class='ocrx_word' id='word_1_21' title='bbox 2635 648 2934 718; x_wconf 85' lang='lat' dir='ltr'><strong>iudicium</strong></span> <span class='ocrx_word' id='word_1_22' title='bbox 2985 654 3149 719; x_wconf 88' lang='lat' dir='ltr'><strong>satis</strong></span> 
     </span>
     <span class='ocr_line' id='line_1_4' title="bbox 703 741 3144 857; baseline -0 -23"><span class='ocrx_word' id='word_1_23' title='bbox 703 775 970 856; x_wconf 91' lang='lat' dir='ltr'><strong>apparet</strong></span> <span class='ocrx_word' id='word_1_24' title='bbox 1012 790 1048 834; x_wconf 92' lang='grc'><strong>6</strong></span> <span class='ocrx_word' id='word_1_25' title='bbox 1091 741 1500 842; x_wconf 85' lang='lat' dir='ltr'><strong>multitudine</strong></span> <span class='ocrx_word' id='word_1_26' title='bbox 1543 768 1827 832; x_wconf 90' lang='lat' dir='ltr'><strong>locorum</strong></span> <span class='ocrx_word' id='word_1_27' title='bbox 1870 768 1950 833; x_wconf 89' lang='lat' dir='ltr'><strong>ab</strong></span> <span class='ocrx_word' id='word_1_28' title='bbox 1994 790 2069 833; x_wconf 93' lang='grc'><strong>66</strong></span> <span class='ocrx_word' id='word_1_29' title='bbox 2116 789 2150 833; x_wconf 94' lang='grc'><strong>6</strong></span> <span class='ocrx_word' id='word_1_30' title='bbox 2180 776 2371 854; x_wconf 90' lang='lat' dir='ltr'><strong>poeta</strong></span> <span class='ocrx_word' id='word_1_31' title='bbox 2400 776 2615 834; x_wconf 88' lang='lat' dir='ltr'><strong>nostro</strong></span> <span class='ocrx_word' id='word_1_32' title='bbox 2648 777 3041 857; x_wconf 79' lang='lat' dir='ltr'><strong>sumptorum</strong></span> <span class='ocrx_word' id='word_1_33' title='bbox 3064 776 3144 848; x_wconf 79' lang='lat'><strong>²).</strong></span> 
     </span>
     <span class='ocr_line' id='line_1_5' title="bbox 701 884 3145 972; baseline 0 -22"><span class='ocrx_word' id='word_1_34' title='bbox 701 886 842 950; x_wconf 88' lang='lat' dir='ltr'><strong>Etsi</strong></span> <span class='ocrx_word' id='word_1_35' title='bbox 884 887 952 950; x_wconf 93' lang='grc'><strong>16</strong></span> <span class='ocrx_word' id='word_1_36' title='bbox 997 886 1281 951; x_wconf 86' lang='lat' dir='ltr'><strong>confesso</strong></span> <span class='ocrx_word' id='word_1_37' title='bbox 1324 891 1421 950; x_wconf 87' lang='lat' dir='ltr'><strong>est</strong></span> <span class='ocrx_word' id='word_1_38' title='bbox 1463 884 1697 950; x_wconf 88' lang='lat' dir='ltr'><strong>multas</strong></span> <span class='ocrx_word' id='word_1_39' title='bbox 1737 906 2126 972; x_wconf 88' lang='lat' dir='ltr'><strong>magnasque</strong></span> <span class='ocrx_word' id='word_1_40' title='bbox 2170 892 2384 972; x_wconf 87' lang='lat' dir='ltr'><strong>partes</strong></span> <span class='ocrx_word' id='word_1_41' title='bbox 2429 887 2796 952; x_wconf 89' lang='lat' dir='ltr'><strong>Lucretiani</strong></span> <span class='ocrx_word' id='word_1_42' title='bbox 2842 887 3145 952; x_wconf 78' lang='lat' dir='ltr'><strong>carminis</strong></span> 
     </span>
     <span class='ocr_line' id='line_1_6' title="bbox 701 1002 3144 1089; baseline 0 -21"><span class='ocrx_word' id='word_1_43' title='bbox 701 1004 1034 1089; x_wconf 88' lang='lat' dir='ltr'><strong>languidas</strong></span> <span class='ocrx_word' id='word_1_44' title='bbox 1098 1024 1236 1068; x_wconf 88' lang='lat' dir='ltr'><strong>esse</strong></span> <span class='ocrx_word' id='word_1_45' title='bbox 1301 1008 1366 1066; x_wconf 92' lang='lat' dir='ltr'><strong>et</strong></span> <span class='ocrx_word' id='word_1_46' title='bbox 1409 1002 1542 1066; x_wconf 90' lang='lat' dir='ltr'><strong>fere</strong></span> <span class='ocrx_word' id='word_1_47' title='bbox 1582 1023 1807 1089; x_wconf 81' lang='lat' dir='ltr'>prosae</span> <span class='ocrx_word' id='word_1_48' title='bbox 1852 1003 2119 1068; x_wconf 89' lang='lat' dir='ltr'><strong>orationi</strong></span> <span class='ocrx_word' id='word_1_49' title='bbox 2164 1003 2401 1068; x_wconf 79' lang='lat' dir='ltr'><strong>similes</strong></span> <span class='ocrx_word' id='word_1_50' title='bbox 2420 1053 2437 1087; x_wconf 84' lang='lat'>‚</span> <span class='ocrx_word' id='word_1_51' title='bbox 2507 1010 2723 1069; x_wconf 89' lang='lat' dir='ltr'><strong>tamen</strong></span> <span class='ocrx_word' id='word_1_52' title='bbox 2765 1005 2995 1068; x_wconf 91' lang='lat' dir='ltr'><strong>mirum</strong></span> <span class='ocrx_word' id='word_1_53' title='bbox 3042 1011 3144 1068; x_wconf 89' lang='lat' dir='ltr'><strong>est</strong></span> 
     </span>
     <span class='ocr_line' id='line_1_7' title="bbox 702 1119 3144 1205; baseline -0 -20"><span class='ocrx_word' id='word_1_54' title='bbox 702 1119 1113 1186; x_wconf 81' lang='lat' dir='ltr'><strong>eruditissimi</strong></span> <span class='ocrx_word' id='word_1_55' title='bbox 1177 1125 1244 1184; x_wconf 91' lang='lat' dir='ltr'><strong>et</strong></span> <span class='ocrx_word' id='word_1_56' title='bbox 1311 1119 1620 1183; x_wconf 86' lang='lat' dir='ltr'><strong>bonarum</strong></span> <span class='ocrx_word' id='word_1_57' title='bbox 1675 1119 1911 1184; x_wconf 86' lang='lat' dir='ltr'><strong>artium</strong></span> <span class='ocrx_word' id='word_1_58' title='bbox 1974 1119 2343 1204; x_wconf 85' lang='lat' dir='ltr'><strong>peritissimi</strong></span> <span class='ocrx_word' id='word_1_59' title='bbox 2386 1120 2707 1205; x_wconf 84' lang='lat' dir='ltr'><strong>Lessingii</strong></span> <span class='ocrx_word' id='word_1_60' title='bbox 2750 1120 3056 1184; x_wconf 89' lang='lat' dir='ltr'><strong>iudicium</strong></span> <span class='ocrx_word' id='word_1_61' title='bbox 3100 1141 3144 1184; x_wconf 90' lang='lat' dir='ltr'><strong>a</strong></span> 
     </span>
     <span class='ocr_line' id='line_1_8' title="bbox 701 1235 3141 1322; baseline 0 -20"><span class='ocrx_word' id='word_1_62' title='bbox 701 1244 1058 1302; x_wconf 89' lang='lat' dir='ltr'><strong>ceterorum</strong></span> <span class='ocrx_word' id='word_1_63' title='bbox 1101 1237 1192 1301; x_wconf 88' lang='lat' dir='ltr'><strong>ita</strong></span> <span class='ocrx_word' id='word_1_64' title='bbox 1233 1235 1633 1321; x_wconf 80' lang='lat' dir='ltr'><strong>discrepare,</strong></span> <span class='ocrx_word' id='word_1_65' title='bbox 1677 1240 1750 1300; x_wconf 93' lang='lat' dir='ltr'><strong>ut</strong></span> <span class='ocrx_word' id='word_1_66' title='bbox 1795 1235 1953 1301; x_wconf 90' lang='lat' dir='ltr'><strong>haec</strong></span> <span class='ocrx_word' id='word_1_67' title='bbox 1999 1236 2195 1300; x_wconf 81' lang='lat' dir='ltr'><strong>verba</strong></span> <span class='ocrx_word' id='word_1_68' title='bbox 2240 1237 2603 1322; x_wconf 83' lang='lat' dir='ltr'><strong>scripserit:</strong></span> <span class='ocrx_word' id='word_1_69' title='bbox 2680 1237 2961 1320; x_wconf 84' lang='lat' dir='ltr'><strong>„Lucrez</strong></span> <span class='ocrx_word' id='word_1_70' title='bbox 3006 1237 3141 1302; x_wconf 90' lang='lat' dir='ltr'><strong>und</strong></span> 
     </span>
     <span class='ocr_line' id='line_1_9' title="bbox 701 1352 3139 1439; baseline 0 -20"><span class='ocrx_word' id='word_1_71' title='bbox 701 1355 909 1419; x_wconf 88' lang='lat' dir='ltr'><strong>seines</strong></span> <span class='ocrx_word' id='word_1_72' title='bbox 955 1353 1265 1418; x_wconf 81' lang='lat' dir='ltr'><strong>Gleichen</strong></span> <span class='ocrx_word' id='word_1_73' title='bbox 1307 1352 1449 1416; x_wconf 88' lang='lat' dir='ltr'><strong>sind</strong></span> <span class='ocrx_word' id='word_1_74' title='bbox 1491 1352 1916 1418; x_wconf 85' lang='lat' dir='ltr'><strong>Versmacher</strong></span> <span class='ocrx_word' id='word_1_75' title='bbox 1958 1353 2111 1418; x_wconf 90' lang='lat' dir='ltr'><strong>aber</strong></span> <span class='ocrx_word' id='word_1_76' title='bbox 2154 1353 2342 1418; x_wconf 90' lang='lat' dir='ltr'><strong>keine</strong></span> <span class='ocrx_word' id='word_1_77' title='bbox 2388 1353 2675 1433; x_wconf 77' lang='lat' dir='ltr'><strong>Dichter.</strong></span> <span class='ocrx_word' id='word_1_78' title='bbox 2744 1353 2859 1419; x_wconf 91' lang='lat' dir='ltr'><strong>Ich</strong></span> <span class='ocrx_word' id='word_1_79' title='bbox 2903 1355 3139 1439; x_wconf 87' lang='lat' dir='ltr'><strong>leugne</strong></span> 
     </span>
     <span class='ocr_line' id='line_1_10' title="bbox 700 1447 3141 1556; baseline -0 -19"><span class='ocrx_word' id='word_1_80' title='bbox 700 1471 879 1537; x_wconf 92' lang='lat' dir='ltr'><strong>nicht</strong></span> <span class='ocrx_word' id='word_1_81' title='bbox 901 1521 917 1554; x_wconf 86' lang='lat'>‚</span> <span class='ocrx_word' id='word_1_82' title='bbox 985 1469 1127 1536; x_wconf 89' lang='lat' dir='ltr'><strong>dass</strong></span> <span class='ocrx_word' id='word_1_83' title='bbox 1189 1491 1338 1534; x_wconf 90' lang='lat' dir='ltr'><strong>man</strong></span> <span class='ocrx_word' id='word_1_84' title='bbox 1405 1470 1508 1534; x_wconf 91' lang='grc'><strong>616</strong></span> <span class='ocrx_word' id='word_1_85' title='bbox 1577 1470 1831 1556; x_wconf 79' lang='lat' dir='ltr'><strong>System</strong></span> <span class='ocrx_word' id='word_1_86' title='bbox 1874 1471 1940 1533; x_wconf 93' lang='lat' dir='ltr'><strong>in</strong></span> <span class='ocrx_word' id='word_1_87' title='bbox 1984 1471 2089 1534; x_wconf 92' lang='grc'><strong>616</strong></span> <span class='ocrx_word' id='word_1_88' title='bbox 2136 1470 2604 1554; x_wconf 81' lang='lat' dir='ltr'><strong>Silbenmaass,</strong></span> <span class='ocrx_word' id='word_1_89' title='bbox 2672 1471 2824 1536; x_wconf 89' lang='lat' dir='ltr'><strong>oder</strong></span> <span class='ocrx_word' id='word_1_90' title='bbox 2842 1525 2845 1528; x_wconf 89' lang='lat'><strong>.</strong></span> <span class='ocrx_word' id='word_1_91' title='bbox 2864 1447 3041 1536; x_wconf 91' lang='lat' dir='ltr'><strong>auch</strong></span> <span class='ocrx_word' id='word_1_92' title='bbox 3069 1473 3141 1535; x_wconf 90' lang='lat' dir='ltr'><strong>in</strong></span> 
     </span>
     <span class='ocr_line' id='line_1_11' title="bbox 701 1586 3140 1673; baseline -0 -20"><span class='ocrx_word' id='word_1_93' title='bbox 701 1589 930 1654; x_wconf 87' lang='lat' dir='ltr'><strong>Reime</strong></span> <span class='ocrx_word' id='word_1_94' title='bbox 993 1587 1263 1673; x_wconf 89' lang='lat' dir='ltr'><strong>bringen</strong></span> <span class='ocrx_word' id='word_1_95' title='bbox 1321 1587 1534 1652; x_wconf 66' lang='lat' dir='ltr'><strong>kenne</strong></span> <span class='ocrx_word' id='word_1_96' title='bbox 1559 1637 1575 1670; x_wconf 87' lang='lat'>‚</span> <span class='ocrx_word' id='word_1_97' title='bbox 1641 1587 1916 1652; x_wconf 89' lang='lat' dir='ltr'><strong>sondern</strong></span> <span class='ocrx_word' id='word_1_98' title='bbox 1978 1586 2083 1652; x_wconf 93' lang='lat' dir='ltr'><strong>ich</strong></span> <span class='ocrx_word' id='word_1_99' title='bbox 2148 1588 2381 1672; x_wconf 83' lang='lat' dir='ltr'><strong>leugne</strong></span> <span class='ocrx_word' id='word_1_100' title='bbox 2447 1587 2590 1652; x_wconf 89' lang='lat' dir='ltr'><strong>dass</strong></span> <span class='ocrx_word' id='word_1_101' title='bbox 2651 1587 2855 1652; x_wconf 89' lang='lat' dir='ltr'><strong>dieses</strong></span> <span class='ocrx_word' id='word_1_102' title='bbox 2922 1590 2989 1653; x_wconf 90' lang='lat' dir='ltr'><strong>in</strong></span> <span class='ocrx_word' id='word_1_103' title='bbox 3033 1589 3140 1652; x_wconf 91' lang='grc'>6111</span> 
     </span>
    </p>
   </div>
   <div class='ocr_carea' id='block_1_3' title="bbox 717 1697 1082 1706">
    <p class='ocr_par' dir='ltr' id='par_1_3' title="bbox 717 1697 1082 1706">
     <span class='ocr_line' id='line_1_12' title="bbox 717 1697 1082 1706; baseline 0 0"><span class='ocrx_word' id='word_1_104' title='bbox 717 1697 1082 1706; x_wconf 95' lang='lat' dir='ltr'><strong> </strong></span> 
     </span>
    </p>
   </div>
   <div class='ocr_carea' id='block_1_4' title="bbox 635 1725 3143 4735">
    <p class='ocr_par' dir='ltr' id='par_1_4' title="bbox 697 1725 3143 2833">
     <span class='ocr_line' id='line_1_13' title="bbox 702 1725 3141 1794; baseline -0.001 -12"><span class='ocrx_word' id='word_1_105' title='bbox 702 1729 978 1782; x_wconf 79' lang='lat' dir='ltr'><strong>Stoicorum</strong></span> <span class='ocrx_word' id='word_1_106' title='bbox 1025 1735 1078 1780; x_wconf 91' lang='lat' dir='ltr'><strong>et</strong></span> <span class='ocrx_word' id='word_1_107' title='bbox 1121 1727 1524 1778; x_wconf 81' lang='lat' dir='ltr'><strong>Academicorum</strong></span> <span class='ocrx_word' id='word_1_108' title='bbox 1571 1732 1680 1778; x_wconf 89' lang='lat' dir='ltr'><strong>tum</strong></span> <span class='ocrx_word' id='word_1_109' title='bbox 1727 1727 1781 1776; x_wconf 91' lang='lat' dir='ltr'><strong>in</strong></span> <span class='ocrx_word' id='word_1_110' title='bbox 1819 1725 2172 1791; x_wconf 86' lang='lat' dir='ltr'><strong>Epicureorum</strong></span> <span class='ocrx_word' id='word_1_111' title='bbox 2198 1727 2409 1778; x_wconf 78' lang='lat' dir='ltr'><strong>&#39;familiis</strong></span> <span class='ocrx_word' id='word_1_112' title='bbox 2426 1765 2439 1790; x_wconf 94' lang='lat'>,</span> <span class='ocrx_word' id='word_1_113' title='bbox 2491 1744 2617 1794; x_wconf 84' lang='grc'>61166</span> <span class='ocrx_word' id='word_1_114' title='bbox 2649 1727 2827 1794; x_wconf 88' lang='lat' dir='ltr'><strong>cuique</strong></span> <span class='ocrx_word' id='word_1_115' title='bbox 2858 1729 2968 1780; x_wconf 76' lang='lat' dir='ltr'><strong>viro</strong></span> <span class='ocrx_word' id='word_1_116' title='bbox 2998 1731 3141 1780; x_wconf 86' lang='lat' dir='ltr'><strong>docto</strong></span> 
     </span>
     <span class='ocr_line' id='line_1_14' title="bbox 699 1819 3141 1890; baseline -0.001 -16"><span class='ocrx_word' id='word_1_117' title='bbox 699 1828 863 1874; x_wconf 83' lang='lat' dir='ltr'><strong>essent</strong></span> <span class='ocrx_word' id='word_1_118' title='bbox 902 1828 1025 1874; x_wconf 85' lang='lat' dir='ltr'><strong>nota</strong></span> <span class='ocrx_word' id='word_1_119' title='bbox 1063 1827 1115 1873; x_wconf 88' lang='lat' dir='ltr'><strong>et</strong></span> <span class='ocrx_word' id='word_1_120' title='bbox 1160 1821 1467 1886; x_wconf 81' lang='lat' dir='ltr'><strong>pervulgata.</strong></span> <span class='ocrx_word' id='word_1_121' title='bbox 1533 1821 1612 1872; x_wconf 87' lang='lat' dir='ltr'><strong>De</strong></span> <span class='ocrx_word' id='word_1_122' title='bbox 1645 1821 1863 1885; x_wconf 85' lang='lat' dir='ltr'><strong>Epicuro</strong></span> <span class='ocrx_word' id='word_1_123' title='bbox 1895 1819 2159 1871; x_wconf 89' lang='lat' dir='ltr'><strong>Lucretius</strong></span> <span class='ocrx_word' id='word_1_124' title='bbox 2193 1821 2356 1871; x_wconf 80' lang='lat' dir='ltr'><strong>dixit:</strong></span> <span class='ocrx_word' id='word_1_125' title='bbox 2404 1823 2621 1890; x_wconf 52' lang='lat' dir='ltr'><strong>„Atque</strong></span> <span class='ocrx_word' id='word_1_126' title='bbox 2670 1838 2813 1872; x_wconf 89' lang='lat' dir='ltr'><strong>omne</strong></span> <span class='ocrx_word' id='word_1_127' title='bbox 2844 1821 3141 1872; x_wconf 87' lang='lat' dir='ltr'><strong>immensum</strong></span> 
     </span>
     <span class='ocr_line' id='line_1_15' title="bbox 697 1916 3141 1983; baseline -0 -15"><span class='ocrx_word' id='word_1_128' title='bbox 697 1919 980 1983; x_wconf 78' lang='lat' dir='ltr'><strong>peragravit</strong></span> <span class='ocrx_word' id='word_1_129' title='bbox 1027 1921 1190 1967; x_wconf 90' lang='lat' dir='ltr'><strong>mente</strong></span> <span class='ocrx_word' id='word_1_130' title='bbox 1222 1916 1515 1982; x_wconf 88' lang='lat' dir='ltr'><strong>animoque&#39;&#39;</strong></span> <span class='ocrx_word' id='word_1_131' title='bbox 1573 1917 1620 1981; x_wconf 95' lang='grc' dir='ltr'><strong>(Ι</strong></span> <span class='ocrx_word' id='word_1_132' title='bbox 1643 1953 1656 1978; x_wconf 93' lang='grc'><em>,</em></span> <span class='ocrx_word' id='word_1_133' title='bbox 1707 1916 1788 1981; x_wconf 81' lang='lat'><strong>74)</strong></span> <span class='ocrx_word' id='word_1_134' title='bbox 1809 1953 1823 1978; x_wconf 93' lang='lat'><strong><em>‚</em></strong></span> <span class='ocrx_word' id='word_1_135' title='bbox 1892 1916 2063 1966; x_wconf 88' lang='lat' dir='ltr'><strong>Cicero</strong></span> <span class='ocrx_word' id='word_1_136' title='bbox 2095 1921 2294 1966; x_wconf 81' lang='lat' dir='ltr'><strong>autem:</strong></span> <span class='ocrx_word' id='word_1_137' title='bbox 2348 1917 2469 1983; x_wconf 84' lang='lat' dir='ltr'><strong>„qui</strong></span> <span class='ocrx_word' id='word_1_138' title='bbox 2500 1916 2721 1968; x_wconf 88' lang='lat' dir='ltr'><strong>infinitas</strong></span> <span class='ocrx_word' id='word_1_139' title='bbox 2752 1917 2975 1982; x_wconf 86' lang='lat' dir='ltr'><strong>regiones</strong></span> <span class='ocrx_word' id='word_1_140' title='bbox 2992 1955 3006 1979; x_wconf 91' lang='lat'>‚</span> <span class='ocrx_word' id='word_1_141' title='bbox 3042 1933 3141 1983; x_wconf 88' lang='lat' dir='ltr'><strong>qua</strong></span> 
     </span>
     <span class='ocr_line' id='line_1_16' title="bbox 697 2009 3132 2077; baseline 0 -15"><span class='ocrx_word' id='word_1_142' title='bbox 697 2012 838 2062; x_wconf 85' lang='lat' dir='ltr'><strong>nulla</strong></span> <span class='ocrx_word' id='word_1_143' title='bbox 885 2015 1014 2062; x_wconf 88' lang='lat' dir='ltr'><strong>esset</strong></span> <span class='ocrx_word' id='word_1_144' title='bbox 1061 2011 1344 2062; x_wconf 85' lang='lat' dir='ltr'><strong>extremitas</strong></span> <span class='ocrx_word' id='word_1_145' title='bbox 1362 2048 1375 2073; x_wconf 94' lang='lat'>,</span> <span class='ocrx_word' id='word_1_146' title='bbox 1425 2017 1590 2062; x_wconf 92' lang='lat' dir='ltr'><strong>mente</strong></span> <span class='ocrx_word' id='word_1_147' title='bbox 1639 2011 2026 2076; x_wconf 79' lang='lat' dir='ltr'><strong>peragravisset3</strong></span> <span class='ocrx_word' id='word_1_148' title='bbox 2083 2009 2163 2077; x_wconf 86' lang='lat' dir='ltr'><strong>(de</strong></span> <span class='ocrx_word' id='word_1_149' title='bbox 2210 2010 2320 2060; x_wconf 85' lang='lat' dir='ltr'><strong>Fin.</strong></span> <span class='ocrx_word' id='word_1_150' title='bbox 2374 2011 2433 2061; x_wconf 95' lang='lat' dir='ltr'><strong>II</strong></span> <span class='ocrx_word' id='word_1_151' title='bbox 2453 2048 2466 2072; x_wconf 90' lang='lat'><strong>,</strong></span> <span class='ocrx_word' id='word_1_152' title='bbox 2502 2011 2617 2075; x_wconf 87' lang='lat'><strong>31);</strong></span> <span class='ocrx_word' id='word_1_153' title='bbox 2669 2011 2930 2062; x_wconf 83' lang='lat' dir='ltr'><strong>Lucretius</strong></span> <span class='ocrx_word' id='word_1_154' title='bbox 2974 2011 3132 2062; x_wconf 82' lang='lat' dir='ltr'><strong>dixit:</strong></span> 
     </span>
     <span class='ocr_line' id='line_1_17' title="bbox 697 2096 3139 2172; baseline -0.001 -14"><span class='ocrx_word' id='word_1_155' title='bbox 697 2109 862 2170; x_wconf 83' lang='lat' dir='ltr'><strong>„Nam</strong></span> <span class='ocrx_word' id='word_1_156' title='bbox 914 2107 1016 2158; x_wconf 86' lang='lat' dir='ltr'><strong>iam</strong></span> <span class='ocrx_word' id='word_1_157' title='bbox 1057 2122 1200 2171; x_wconf 84' lang='lat' dir='ltr'><strong>saepe</strong></span> <span class='ocrx_word' id='word_1_158' title='bbox 1247 2107 1472 2158; x_wconf 86' lang='grc'>1161111666</span> <span class='ocrx_word' id='word_1_159' title='bbox 1519 2096 1730 2170; x_wconf 81' lang='lat' dir='ltr'><strong>petriam</strong></span> <span class='ocrx_word' id='word_1_160' title='bbox 1782 2122 2017 2172; x_wconf 86' lang='lat' dir='ltr'><strong>carosque</strong></span> <span class='ocrx_word' id='word_1_161' title='bbox 2060 2111 2287 2170; x_wconf 85' lang='lat' dir='ltr'><strong>parentes</strong></span> <span class='ocrx_word' id='word_1_162' title='bbox 2318 2107 2637 2170; x_wconf 86' lang='lat' dir='ltr'><strong>prodiderunt</strong></span> <span class='ocrx_word' id='word_1_163' title='bbox 2650 2143 2663 2168; x_wconf 94' lang='lat'>,</span> <span class='ocrx_word' id='word_1_164' title='bbox 2696 2105 2856 2157; x_wconf 76' lang='lat' dir='ltr'><strong>vitare</strong></span> <span class='ocrx_word' id='word_1_165' title='bbox 2886 2105 3139 2157; x_wconf 82' lang='lat' dir='ltr'><strong>acherusia</strong></span> 
     </span>
     <span class='ocr_line' id='line_1_18' title="bbox 697 2200 3140 2268; baseline -0.001 -15"><span class='ocrx_word' id='word_1_166' title='bbox 697 2203 882 2267; x_wconf 86' lang='lat' dir='ltr'><strong>templa</strong></span> <span class='ocrx_word' id='word_1_167' title='bbox 930 2203 1184 2268; x_wconf 49' lang='lat' dir='ltr'><strong>petente?</strong></span> <span class='ocrx_word' id='word_1_168' title='bbox 1223 2201 1344 2263; x_wconf 71' lang='lat' dir='ltr'><strong>III,⁴</strong></span> <span class='ocrx_word' id='word_1_169' title='bbox 1381 2205 1442 2252; x_wconf 83' lang='lat'><strong>85</strong></span> <span class='ocrx_word' id='word_1_170' title='bbox 1459 2238 1477 2264; x_wconf 83' lang='lat'>,</span> <span class='ocrx_word' id='word_1_171' title='bbox 1521 2201 1692 2253; x_wconf 86' lang='lat' dir='ltr'><strong>Cicero</strong></span> <span class='ocrx_word' id='word_1_172' title='bbox 1724 2207 1923 2252; x_wconf 87' lang='lat' dir='ltr'><strong>autem:</strong></span> <span class='ocrx_word' id='word_1_173' title='bbox 1959 2201 2171 2264; x_wconf 85' lang='lat' dir='ltr'><strong>„Mortis</strong></span> <span class='ocrx_word' id='word_1_174' title='bbox 2202 2208 2340 2251; x_wconf 91' lang='lat' dir='ltr'><strong>metu</strong></span> <span class='ocrx_word' id='word_1_175' title='bbox 2364 2237 2375 2250; x_wconf 91' lang='lat'><strong>.</strong></span> <span class='ocrx_word' id='word_1_176' title='bbox 2404 2237 2415 2250; x_wconf 88' lang='lat'><strong>.</strong></span> <span class='ocrx_word' id='word_1_177' title='bbox 2442 2238 2453 2250; x_wconf 93' lang='lat'><strong>.</strong></span> <span class='ocrx_word' id='word_1_178' title='bbox 2479 2235 2494 2250; x_wconf 93' lang='lat'><strong>.</strong></span> <span class='ocrx_word' id='word_1_179' title='bbox 2528 2201 2675 2252; x_wconf 84' lang='lat' dir='ltr'><strong>multi</strong></span> <span class='ocrx_word' id='word_1_180' title='bbox 2704 2207 2930 2265; x_wconf 85' lang='lat' dir='ltr'><strong>parentes</strong></span> <span class='ocrx_word' id='word_1_181' title='bbox 2947 2237 2961 2261; x_wconf 85' lang='lat'>,</span> <span class='ocrx_word' id='word_1_182' title='bbox 2994 2200 3140 2250; x_wconf 88' lang='lat' dir='ltr'><strong>multi</strong></span> 
     </span>
     <span class='ocr_line' id='line_1_19' title="bbox 698 2295 3137 2361; baseline -0.002 -12"><span class='ocrx_word' id='word_1_183' title='bbox 698 2296 880 2350; x_wconf 85' lang='lat' dir='ltr'><strong>amicos</strong></span> <span class='ocrx_word' id='word_1_184' title='bbox 898 2333 912 2359; x_wconf 91' lang='lat'><strong>,</strong></span> <span class='ocrx_word' id='word_1_185' title='bbox 961 2296 1192 2348; x_wconf 81' lang='lat' dir='ltr'><strong>nonnulli</strong></span> <span class='ocrx_word' id='word_1_186' title='bbox 1238 2295 1448 2361; x_wconf 85' lang='lat' dir='ltr'><strong>patriam</strong></span> <span class='ocrx_word' id='word_1_187' title='bbox 1480 2296 1798 2361; x_wconf 86' lang='lat' dir='ltr'><strong>perdiderunt</strong></span> <span class='ocrx_word' id='word_1_188' title='bbox 1816 2297 1864 2356; x_wconf 90' lang='lat'><strong>,&#39;&#39;</strong></span> <span class='ocrx_word' id='word_1_189' title='bbox 1905 2297 1989 2360; x_wconf 76' lang='lat' dir='ltr'><strong>(de</strong></span> <span class='ocrx_word' id='word_1_190' title='bbox 2023 2295 2135 2346; x_wconf 87' lang='lat' dir='ltr'><strong>Fin.</strong></span> <span class='ocrx_word' id='word_1_191' title='bbox 2172 2295 2199 2346; x_wconf 97' lang='lat' dir='ltr'>I</span> <span class='ocrx_word' id='word_1_192' title='bbox 2214 2333 2227 2356; x_wconf 94' lang='lat'>‚</span> <span class='ocrx_word' id='word_1_193' title='bbox 2268 2299 2359 2356; x_wconf 84' lang='lat'><strong>15).</strong></span> <span class='ocrx_word' id='word_1_194' title='bbox 2428 2296 2525 2346; x_wconf 87' lang='lat' dir='ltr'><strong>Sed</strong></span> <span class='ocrx_word' id='word_1_195' title='bbox 2542 2332 2557 2358; x_wconf 85' lang='lat'>‚</span> <span class='ocrx_word' id='word_1_196' title='bbox 2586 2311 2650 2345; x_wconf 91' lang='lat' dir='ltr'><strong>ne</strong></span> <span class='ocrx_word' id='word_1_197' title='bbox 2680 2296 2824 2359; x_wconf 89' lang='lat' dir='ltr'><strong>plura</strong></span> <span class='ocrx_word' id='word_1_198' title='bbox 2854 2295 3110 2346; x_wconf 86' lang='lat' dir='ltr'><strong>laudemus</strong></span> <span class='ocrx_word' id='word_1_199' title='bbox 3124 2330 3137 2355; x_wconf 92' lang='lat'><strong><em>‚</em></strong></span> 
     </span>
     <span class='ocr_line' id='line_1_20' title="bbox 697 2388 3137 2456; baseline -0.002 -13"><span class='ocrx_word' id='word_1_200' title='bbox 697 2392 754 2443; x_wconf 90' lang='lat' dir='ltr'><strong>hi</strong></span> <span class='ocrx_word' id='word_1_201' title='bbox 801 2391 899 2442; x_wconf 91' lang='grc'>1661</span> <span class='ocrx_word' id='word_1_202' title='bbox 928 2407 1029 2443; x_wconf 88' lang='grc'>11611</span> <span class='ocrx_word' id='word_1_203' title='bbox 1061 2397 1164 2442; x_wconf 89' lang='lat' dir='ltr'><strong>tam</strong></span> <span class='ocrx_word' id='word_1_204' title='bbox 1197 2397 1314 2442; x_wconf 90' lang='lat' dir='ltr'><strong>sunt</strong></span> <span class='ocrx_word' id='word_1_205' title='bbox 1345 2395 1670 2455; x_wconf 83' lang='lat' dir='ltr'><strong>congruentes</strong></span> <span class='ocrx_word' id='word_1_206' title='bbox 1693 2428 1706 2452; x_wconf 91' lang='lat'>,</span> <span class='ocrx_word' id='word_1_207' title='bbox 1763 2391 1886 2456; x_wconf 91' lang='lat' dir='ltr'><strong>quin</strong></span> <span class='ocrx_word' id='word_1_208' title='bbox 1918 2390 2153 2455; x_wconf 84' lang='lat' dir='ltr'><strong>explicari</strong></span> <span class='ocrx_word' id='word_1_209' title='bbox 2184 2391 2376 2454; x_wconf 88' lang='lat' dir='ltr'><strong>possint</strong></span> <span class='ocrx_word' id='word_1_210' title='bbox 2410 2407 2437 2441; x_wconf 91' lang='grc'><strong>6</strong></span> <span class='ocrx_word' id='word_1_211' title='bbox 2472 2390 2719 2440; x_wconf 88' lang='lat' dir='ltr'><strong>communi</strong></span> <span class='ocrx_word' id='word_1_212' title='bbox 2750 2388 2957 2454; x_wconf 86' lang='lat' dir='ltr'><strong>Epicuri</strong></span> <span class='ocrx_word' id='word_1_213' title='bbox 2987 2389 3137 2454; x_wconf 91' lang='lat' dir='ltr'><strong>scrip-</strong></span> 
     </span>
     <span class='ocr_line' id='line_1_21' title="bbox 697 2471 3143 2548; baseline -0.002 -9"><span class='ocrx_word' id='word_1_214' title='bbox 697 2495 862 2540; x_wconf 88' lang='lat' dir='ltr'><strong>torum</strong></span> <span class='ocrx_word' id='word_1_215' title='bbox 882 2503 992 2538; x_wconf 87' lang='lat' dir='ltr'><strong>usu.</strong></span> <span class='ocrx_word' id='word_1_216' title='bbox 1061 2485 1261 2536; x_wconf 85' lang='lat' dir='ltr'><strong>Martha</strong></span> <span class='ocrx_word' id='word_1_217' title='bbox 1290 2501 1434 2548; x_wconf 86' lang='lat' dir='ltr'><strong>porro</strong></span> <span class='ocrx_word' id='word_1_218' title='bbox 1450 2471 1454 2474; x_wconf 32' lang='lat'><em>⁶</em></span> <span class='ocrx_word' id='word_1_219' title='bbox 1469 2483 1670 2534; x_wconf 84' lang='lat' dir='ltr'><strong>laudat:</strong></span> <span class='ocrx_word' id='word_1_220' title='bbox 1738 2484 1919 2546; x_wconf 84' lang='lat' dir='ltr'><strong>„Viam</strong></span> <span class='ocrx_word' id='word_1_221' title='bbox 1950 2483 2279 2535; x_wconf 78' lang='lat' dir='ltr'><strong>monstravit”</strong></span> <span class='ocrx_word' id='word_1_222' title='bbox 2327 2485 2417 2546; x_wconf 91' lang='lat' dir='ltr'><strong>(VI</strong></span> <span class='ocrx_word' id='word_1_223' title='bbox 2439 2521 2453 2543; x_wconf 85' lang='lat'>‚</span> <span class='ocrx_word' id='word_1_224' title='bbox 2489 2486 2589 2544; x_wconf 66' lang='lat'><strong>27).</strong></span> <span class='ocrx_word' id='word_1_225' title='bbox 2656 2486 2873 2546; x_wconf 83' lang='lat' dir='ltr'><strong>„Omnes</strong></span> <span class='ocrx_word' id='word_1_226' title='bbox 2906 2488 3143 2536; x_wconf 81' lang='lat' dir='ltr'><strong>monstret</strong></span> 
     </span>
     <span class='ocr_line' id='line_1_22' title="bbox 697 2577 3141 2646; baseline -0.002 -12"><span class='ocrx_word' id='word_1_227' title='bbox 697 2582 838 2634; x_wconf 71' lang='lat' dir='ltr'><strong>vias’&#39;</strong></span> <span class='ocrx_word' id='word_1_228' title='bbox 895 2581 976 2646; x_wconf 84' lang='lat' dir='ltr'><strong>(de</strong></span> <span class='ocrx_word' id='word_1_229' title='bbox 1025 2580 1139 2632; x_wconf 82' lang='lat' dir='ltr'><strong>Fin.</strong></span> <span class='ocrx_word' id='word_1_230' title='bbox 1187 2579 1214 2630; x_wconf 98' lang='lat' dir='ltr'>I</span> <span class='ocrx_word' id='word_1_231' title='bbox 1233 2617 1247 2641; x_wconf 89' lang='lat'><strong>,</strong></span> <span class='ocrx_word' id='word_1_232' title='bbox 1299 2582 1410 2641; x_wconf 78' lang='lat'>14);</span> <span class='ocrx_word' id='word_1_233' title='bbox 1459 2578 1627 2640; x_wconf 85' lang='lat' dir='ltr'><strong>„Cura</strong></span> <span class='ocrx_word' id='word_1_234' title='bbox 1673 2585 1859 2630; x_wconf 86' lang='lat' dir='ltr'><strong>semota</strong></span> <span class='ocrx_word' id='word_1_235' title='bbox 1904 2581 2171 2644; x_wconf 87' lang='lat' dir='ltr'><strong>metuque”</strong></span> <span class='ocrx_word' id='word_1_236' title='bbox 2210 2579 2269 2630; x_wconf 97' lang='lat' dir='ltr'><strong>II</strong></span> <span class='ocrx_word' id='word_1_237' title='bbox 2290 2615 2304 2640; x_wconf 92' lang='lat'><strong>,</strong></span> <span class='ocrx_word' id='word_1_238' title='bbox 2358 2582 2417 2629; x_wconf 84' lang='lat'><strong>19</strong></span> <span class='ocrx_word' id='word_1_239' title='bbox 2437 2615 2451 2640; x_wconf 92' lang='lat'><strong>,</strong></span> <span class='ocrx_word' id='word_1_240' title='bbox 2484 2579 2590 2640; x_wconf 79' lang='lat' dir='ltr'><strong>„Ut</strong></span> <span class='ocrx_word' id='word_1_241' title='bbox 2620 2577 2727 2630; x_wconf 85' lang='lat' dir='ltr'><strong>sine</strong></span> <span class='ocrx_word' id='word_1_242' title='bbox 2760 2595 2878 2630; x_wconf 87' lang='lat' dir='ltr'><strong>cura</strong></span> <span class='ocrx_word' id='word_1_243' title='bbox 2908 2583 3141 2644; x_wconf 86' lang='lat' dir='ltr'><strong>metuque</strong></span> 
     </span>
     <span class='ocr_line' id='line_1_23' title="bbox 699 2673 3136 2743; baseline -0.002 -15"><span class='ocrx_word' id='word_1_244' title='bbox 699 2675 960 2729; x_wconf 77' lang='lat' dir='ltr'><strong>vivamus&#39;’</strong></span> <span class='ocrx_word' id='word_1_245' title='bbox 999 2673 1081 2743; x_wconf 88' lang='lat' dir='ltr'><strong>(de</strong></span> <span class='ocrx_word' id='word_1_246' title='bbox 1119 2673 1230 2725; x_wconf 80' lang='lat' dir='ltr'><strong>Fin.</strong></span> <span class='ocrx_word' id='word_1_247' title='bbox 1268 2673 1295 2725; x_wconf 92' lang='lat'>1</span> <span class='ocrx_word' id='word_1_248' title='bbox 1317 2711 1330 2736; x_wconf 94' lang='lat'>,</span> <span class='ocrx_word' id='word_1_249' title='bbox 1369 2673 1466 2739; x_wconf 85' lang='lat'><strong>15).</strong></span> <span class='ocrx_word' id='word_1_250' title='bbox 1533 2673 1632 2725; x_wconf 85' lang='lat' dir='ltr'><strong>Sed</strong></span> <span class='ocrx_word' id='word_1_251' title='bbox 1665 2673 1778 2739; x_wconf 87' lang='lat' dir='ltr'><strong>quis</strong></span> <span class='ocrx_word' id='word_1_252' title='bbox 1809 2690 1910 2725; x_wconf 89' lang='lat' dir='ltr'><strong>non</strong></span> <span class='ocrx_word' id='word_1_253' title='bbox 1941 2673 2085 2725; x_wconf 77' lang='lat' dir='ltr'><strong>videt</strong></span> <span class='ocrx_word' id='word_1_254' title='bbox 2111 2673 2289 2724; x_wconf 88' lang='lat' dir='ltr'><strong>horum</strong></span> <span class='ocrx_word' id='word_1_255' title='bbox 2319 2673 2538 2725; x_wconf 83' lang='lat' dir='ltr'><strong>locorum</strong></span> <span class='ocrx_word' id='word_1_256' title='bbox 2568 2690 2772 2739; x_wconf 83' lang='lat' dir='ltr'><strong>parvam</strong></span> <span class='ocrx_word' id='word_1_257' title='bbox 2804 2678 2855 2725; x_wconf 87' lang='lat' dir='ltr'><strong>et</strong></span> <span class='ocrx_word' id='word_1_258' title='bbox 2886 2673 3136 2725; x_wconf 81' lang='lat' dir='ltr'><strong>fortuitam</strong></span> 
     </span>
     <span class='ocr_line' id='line_1_24' title="bbox 698 2768 2991 2833; baseline -0.002 -10"><span class='ocrx_word' id='word_1_259' title='bbox 698 2771 1072 2823; x_wconf 84' lang='lat' dir='ltr'><strong>similitudinem</strong></span> <span class='ocrx_word' id='word_1_260' title='bbox 1103 2785 1206 2820; x_wconf 89' lang='grc'>11611</span> <span class='ocrx_word' id='word_1_261' title='bbox 1235 2786 1378 2833; x_wconf 85' lang='lat' dir='ltr'><strong>posse</strong></span> <span class='ocrx_word' id='word_1_262' title='bbox 1408 2769 1613 2833; x_wconf 86' lang='lat' dir='ltr'><strong>probare</strong></span> <span class='ocrx_word' id='word_1_263' title='bbox 1648 2768 1933 2819; x_wconf 84' lang='lat' dir='ltr'><strong>Ciceronem</strong></span> <span class='ocrx_word' id='word_1_264' title='bbox 1966 2785 2049 2819; x_wconf 92' lang='grc'><strong>666</strong></span> <span class='ocrx_word' id='word_1_265' title='bbox 2082 2784 2109 2819; x_wconf 91' lang='grc'><strong>6</strong></span> <span class='ocrx_word' id='word_1_266' title='bbox 2143 2769 2363 2820; x_wconf 88' lang='lat' dir='ltr'><strong>Lucretii</strong></span> <span class='ocrx_word' id='word_1_267' title='bbox 2396 2768 2695 2819; x_wconf 77' lang='lat' dir='ltr'><strong>carminibus</strong></span> <span class='ocrx_word' id='word_1_268' title='bbox 2726 2769 2991 2819; x_wconf 77' lang='lat' dir='ltr'><strong>hausisse?</strong></span> 
     </span>
    </p>

    <p class='ocr_par' dir='ltr' id='par_1_5' title="bbox 648 2859 3142 4069">
     <span class='ocr_line' id='line_1_25' title="bbox 761 2859 3141 2931; baseline 0 -16"><span class='ocrx_word' id='word_1_269' title='bbox 761 2864 907 2915; x_wconf 81' lang='lat' dir='ltr'><strong>Nihil</strong></span> <span class='ocrx_word' id='word_1_270' title='bbox 937 2868 1014 2915; x_wconf 88' lang='lat' dir='ltr'><strong>est</strong></span> <span class='ocrx_word' id='word_1_271' title='bbox 1031 2900 1045 2925; x_wconf 93' lang='lat'>,</span> <span class='ocrx_word' id='word_1_272' title='bbox 1097 2864 1229 2931; x_wconf 88' lang='lat' dir='ltr'><strong>quod</strong></span> <span class='ocrx_word' id='word_1_273' title='bbox 1259 2861 1402 2913; x_wconf 84' lang='lat' dir='ltr'><strong>nobis</strong></span> <span class='ocrx_word' id='word_1_274' title='bbox 1433 2864 1694 2927; x_wconf 83' lang='lat' dir='ltr'><strong>persuadet</strong></span> <span class='ocrx_word' id='word_1_275' title='bbox 1711 2898 1726 2923; x_wconf 92' lang='lat'>,</span> <span class='ocrx_word' id='word_1_276' title='bbox 1762 2862 2053 2913; x_wconf 84' lang='lat' dir='ltr'><strong>Ciceronem</strong></span> <span class='ocrx_word' id='word_1_277' title='bbox 2086 2859 2308 2914; x_wconf 85' lang='lat' dir='ltr'><strong>Lucretii</strong></span> <span class='ocrx_word' id='word_1_278' title='bbox 2340 2878 2463 2927; x_wconf 87' lang='lat' dir='ltr'><strong>opus</strong></span> <span class='ocrx_word' id='word_1_279' title='bbox 2497 2869 2723 2914; x_wconf 87' lang='lat' dir='ltr'><strong>accurate</strong></span> <span class='ocrx_word' id='word_1_280' title='bbox 2755 2863 2949 2929; x_wconf 82' lang='lat' dir='ltr'><strong>legisse.</strong></span> <span class='ocrx_word' id='word_1_281' title='bbox 2997 2864 3141 2921; x_wconf 82' lang='lat' dir='ltr'><strong>Quod</strong></span> 
     </span>
     <span class='ocr_line' id='line_1_26' title="bbox 648 2942 3142 3024; baseline -0.001 -13"><span class='ocrx_word' id='word_1_282' title='bbox 648 2942 650 2945; x_wconf 69' lang='lat'><em>,</em></span> <span class='ocrx_word' id='word_1_283' title='bbox 699 2960 744 3011; x_wconf 82' lang='lat' dir='ltr'><strong>si</strong></span> <span class='ocrx_word' id='word_1_284' title='bbox 773 2959 846 3010; x_wconf 86' lang='lat' dir='ltr'><strong>ita</strong></span> <span class='ocrx_word' id='word_1_285' title='bbox 877 2964 952 3011; x_wconf 85' lang='lat' dir='ltr'><strong>est</strong></span> <span class='ocrx_word' id='word_1_286' title='bbox 969 2995 984 3020; x_wconf 92' lang='lat'>,</span> <span class='ocrx_word' id='word_1_287' title='bbox 1017 2958 1104 3009; x_wconf 81' lang='lat' dir='ltr'><strong>ille</strong></span> <span class='ocrx_word' id='word_1_288' title='bbox 1137 2958 1308 3009; x_wconf 88' lang='lat' dir='ltr'><strong>Cicero</strong></span> <span class='ocrx_word' id='word_1_289' title='bbox 1324 2994 1338 3019; x_wconf 92' lang='lat'><strong><em>‚</em></strong></span> <span class='ocrx_word' id='word_1_290' title='bbox 1391 2973 1541 3023; x_wconf 86' lang='lat' dir='ltr'><strong>quem</strong></span> <span class='ocrx_word' id='word_1_291' title='bbox 1575 2956 1916 3024; x_wconf 80' lang='lat' dir='ltr'><strong>Hieronymus</strong></span> <span class='ocrx_word' id='word_1_292' title='bbox 1933 2994 1947 3019; x_wconf 93' lang='lat'><strong><em>‚</em></strong></span> <span class='ocrx_word' id='word_1_293' title='bbox 1982 2974 2010 3007; x_wconf 92' lang='lat' dir='ltr'><strong>e</strong></span> <span class='ocrx_word' id='word_1_294' title='bbox 2044 2958 2280 3009; x_wconf 84' lang='lat' dir='ltr'><strong>Suetonio</strong></span> <span class='ocrx_word' id='word_1_295' title='bbox 2311 2959 2517 3009; x_wconf 83' lang='lat' dir='ltr'><strong>fortasse</strong></span> <span class='ocrx_word' id='word_1_296' title='bbox 2535 2995 2549 3020; x_wconf 93' lang='lat'><strong><em>‚</em></strong></span> <span class='ocrx_word' id='word_1_297' title='bbox 2583 2958 2781 3009; x_wconf 89' lang='lat' dir='ltr'><strong>nomine</strong></span> <span class='ocrx_word' id='word_1_298' title='bbox 2812 2959 2999 3009; x_wconf 86' lang='lat' dir='ltr'><strong>indicat</strong></span> <span class='ocrx_word' id='word_1_299' title='bbox 3016 2996 3029 3021; x_wconf 94' lang='lat'>,</span> <span class='ocrx_word' id='word_1_300' title='bbox 3064 2964 3142 3010; x_wconf 89' lang='lat' dir='ltr'><strong>est</strong></span> 
     </span>
     <span class='ocr_line' id='line_1_27' title="bbox 700 3051 3141 3119; baseline -0 -13"><span class='ocrx_word' id='word_1_301' title='bbox 700 3056 916 3115; x_wconf 80' lang='lat' dir='ltr'><strong>Quintus</strong></span> <span class='ocrx_word' id='word_1_302' title='bbox 957 3055 1142 3116; x_wconf 59' lang='lat' dir='ltr'><strong>fratem</strong></span> <span class='ocrx_word' id='word_1_303' title='bbox 1189 3055 1322 3119; x_wconf 86' lang='lat' dir='ltr'><strong>quod</strong></span> <span class='ocrx_word' id='word_1_304' title='bbox 1354 3051 1538 3117; x_wconf 85' lang='lat' dir='ltr'><strong>optime</strong></span> <span class='ocrx_word' id='word_1_305' title='bbox 1571 3051 1805 3103; x_wconf 78' lang='lat' dir='ltr'><strong>convenit</strong></span> <span class='ocrx_word' id='word_1_306' title='bbox 1836 3068 1949 3102; x_wconf 88' lang='lat' dir='ltr'><strong>cum</strong></span> <span class='ocrx_word' id='word_1_307' title='bbox 1981 3052 2219 3116; x_wconf 84' lang='lat' dir='ltr'><strong>epistolae</strong></span> <span class='ocrx_word' id='word_1_308' title='bbox 2252 3053 2415 3105; x_wconf 79' lang='lat' dir='ltr'><strong>verbis</strong></span> <span class='ocrx_word' id='word_1_309' title='bbox 2448 3070 2595 3118; x_wconf 87' lang='lat' dir='ltr'><strong>supra</strong></span> <span class='ocrx_word' id='word_1_310' title='bbox 2626 3054 2855 3106; x_wconf 83' lang='lat' dir='ltr'><strong>laudatis.</strong></span> <span class='ocrx_word' id='word_1_311' title='bbox 2924 3054 3141 3113; x_wconf 82' lang='lat' dir='ltr'><strong>Quintus</strong></span> 
     </span>
     <span class='ocr_line' id='line_1_28' title="bbox 697 3146 3141 3216; baseline -0 -15"><span class='ocrx_word' id='word_1_312' title='bbox 697 3150 832 3216; x_wconf 87' lang='lat' dir='ltr'><strong>prior</strong></span> <span class='ocrx_word' id='word_1_313' title='bbox 878 3148 1075 3213; x_wconf 86' lang='lat' dir='ltr'><strong>scripsit</strong></span> <span class='ocrx_word' id='word_1_314' title='bbox 1123 3148 1293 3199; x_wconf 82' lang='lat' dir='ltr'><strong>Marco</strong></span> <span class='ocrx_word' id='word_1_315' title='bbox 1306 3184 1320 3210; x_wconf 91' lang='lat'><strong>,</strong></span> <span class='ocrx_word' id='word_1_316' title='bbox 1375 3150 1482 3198; x_wconf 89' lang='lat' dir='ltr'><strong>eius</strong></span> <span class='ocrx_word' id='word_1_317' title='bbox 1527 3146 1770 3197; x_wconf 90' lang='lat' dir='ltr'><strong>iudicium</strong></span> <span class='ocrx_word' id='word_1_318' title='bbox 1817 3162 2057 3213; x_wconf 87' lang='lat' dir='ltr'><strong>quaerens</strong></span> <span class='ocrx_word' id='word_1_319' title='bbox 2110 3149 2171 3198; x_wconf 87' lang='grc'><strong>(16</strong></span> <span class='ocrx_word' id='word_1_320' title='bbox 2220 3148 2446 3199; x_wconf 85' lang='lat' dir='ltr'><strong>Lucretii</strong></span> <span class='ocrx_word' id='word_1_321' title='bbox 2490 3149 2786 3201; x_wconf 85' lang='lat' dir='ltr'><strong>carminibus</strong></span> <span class='ocrx_word' id='word_1_322' title='bbox 2806 3186 2821 3211; x_wconf 92' lang='lat'>,</span> <span class='ocrx_word' id='word_1_323' title='bbox 2892 3150 3141 3214; x_wconf 87' lang='lat' dir='ltr'><strong>cumipse</strong></span> 
     </span>
     <span class='ocr_line' id='line_1_29' title="bbox 699 3244 3139 3311; baseline -0.001 -14"><span class='ocrx_word' id='word_1_324' title='bbox 699 3246 984 3311; x_wconf 88' lang='lat' dir='ltr'><strong>opinaretur</strong></span> <span class='ocrx_word' id='word_1_325' title='bbox 1013 3261 1072 3295; x_wconf 90' lang='lat' dir='ltr'><strong>ea</strong></span> <span class='ocrx_word' id='word_1_326' title='bbox 1103 3244 1270 3310; x_wconf 82' lang='lat' dir='ltr'><strong>magni</strong></span> <span class='ocrx_word' id='word_1_327' title='bbox 1300 3249 1472 3309; x_wconf 88' lang='lat' dir='ltr'><strong>poetae</strong></span> <span class='ocrx_word' id='word_1_328' title='bbox 1501 3244 1701 3309; x_wconf 80' lang='lat' dir='ltr'><strong>ingenio</strong></span> <span class='ocrx_word' id='word_1_329' title='bbox 1735 3244 1886 3308; x_wconf 78' lang='lat' dir='ltr'><strong>digna</strong></span> <span class='ocrx_word' id='word_1_330' title='bbox 1918 3260 2038 3294; x_wconf 87' lang='lat' dir='ltr'><strong>esse.</strong></span> <span class='ocrx_word' id='word_1_331' title='bbox 2092 3245 2307 3305; x_wconf 88' lang='lat' dir='ltr'><strong>Marcus,</strong></span> <span class='ocrx_word' id='word_1_332' title='bbox 2342 3244 2431 3311; x_wconf 90' lang='lat' dir='ltr'><strong>qui</strong></span> <span class='ocrx_word' id='word_1_333' title='bbox 2462 3244 2697 3296; x_wconf 86' lang='lat' dir='ltr'><strong>extremis</strong></span> <span class='ocrx_word' id='word_1_334' title='bbox 2728 3250 2925 3296; x_wconf 87' lang='lat' dir='ltr'><strong>tantum</strong></span> <span class='ocrx_word' id='word_1_335' title='bbox 2956 3244 3107 3295; x_wconf 88' lang='lat' dir='ltr'><strong>labris</strong></span> <span class='ocrx_word' id='word_1_336' title='bbox 3124 3282 3139 3307; x_wconf 93' lang='lat'>,</span> 
     </span>
     <span class='ocr_line' id='line_1_30' title="bbox 697 3338 3141 3403; baseline 0 -14"><span class='ocrx_word' id='word_1_337' title='bbox 697 3344 756 3390; x_wconf 91' lang='lat' dir='ltr'><strong>ut</strong></span> <span class='ocrx_word' id='word_1_338' title='bbox 786 3339 859 3389; x_wconf 84' lang='lat' dir='ltr'><strong>ita</strong></span> <span class='ocrx_word' id='word_1_339' title='bbox 891 3338 1050 3389; x_wconf 87' lang='lat' dir='ltr'><strong>dicam</strong></span> <span class='ocrx_word' id='word_1_340' title='bbox 1063 3376 1077 3400; x_wconf 92' lang='lat'>‚</span> <span class='ocrx_word' id='word_1_341' title='bbox 1113 3354 1172 3388; x_wconf 87' lang='lat' dir='ltr'><strong>ea</strong></span> <span class='ocrx_word' id='word_1_342' title='bbox 1204 3342 1492 3403; x_wconf 81' lang='lat' dir='ltr'><strong>gustaverat</strong></span> <span class='ocrx_word' id='word_1_343' title='bbox 1510 3374 1524 3399; x_wconf 92' lang='lat'><strong><em>‚</em></strong></span> <span class='ocrx_word' id='word_1_344' title='bbox 1559 3342 1610 3388; x_wconf 89' lang='lat' dir='ltr'><strong>et</strong></span> <span class='ocrx_word' id='word_1_345' title='bbox 1641 3354 1757 3388; x_wconf 88' lang='lat' dir='ltr'><strong>mox</strong></span> <span class='ocrx_word' id='word_1_346' title='bbox 1793 3338 1984 3389; x_wconf 83' lang='lat' dir='ltr'><strong>viderat</strong></span> <span class='ocrx_word' id='word_1_347' title='bbox 2016 3355 2200 3389; x_wconf 83' lang='lat' dir='ltr'><strong>nexum</strong></span> <span class='ocrx_word' id='word_1_348' title='bbox 2232 3338 2449 3403; x_wconf 86' lang='lat' dir='ltr'><strong>partium</strong></span> <span class='ocrx_word' id='word_1_349' title='bbox 2482 3339 2535 3388; x_wconf 93' lang='lat' dir='ltr'><strong>in</strong></span> <span class='ocrx_word' id='word_1_350' title='bbox 2567 3340 2661 3389; x_wconf 89' lang='lat' dir='ltr'><strong>hoc</strong></span> <span class='ocrx_word' id='word_1_351' title='bbox 2684 3355 2827 3403; x_wconf 90' lang='lat' dir='ltr'><strong>opere</strong></span> <span class='ocrx_word' id='word_1_352' title='bbox 2856 3338 3141 3389; x_wconf 88' lang='lat' dir='ltr'><strong>debiliorem</strong></span> 
     </span>
     <span class='ocr_line' id='line_1_31' title="bbox 697 3432 3137 3498; baseline -0 -13"><span class='ocrx_word' id='word_1_353' title='bbox 697 3449 803 3485; x_wconf 87' lang='grc'>6666</span> <span class='ocrx_word' id='word_1_354' title='bbox 849 3437 901 3483; x_wconf 85' lang='grc'><strong>61</strong></span> <span class='ocrx_word' id='word_1_355' title='bbox 930 3434 1102 3483; x_wconf 85' lang='lat' dir='ltr'><strong>laxum</strong></span> <span class='ocrx_word' id='word_1_356' title='bbox 1121 3469 1135 3494; x_wconf 91' lang='lat'><strong><em>‚</em></strong></span> <span class='ocrx_word' id='word_1_357' title='bbox 1195 3434 1241 3484; x_wconf 89' lang='lat' dir='ltr'><strong>ei</strong></span> <span class='ocrx_word' id='word_1_358' title='bbox 1273 3434 1534 3497; x_wconf 87' lang='lat' dir='ltr'><strong>respondet</strong></span> <span class='ocrx_word' id='word_1_359' title='bbox 1564 3433 1736 3497; x_wconf 87' lang='lat' dir='ltr'><strong>paucis</strong></span> <span class='ocrx_word' id='word_1_360' title='bbox 1770 3432 1964 3484; x_wconf 88' lang='lat' dir='ltr'><strong>verbis:</strong></span> <span class='ocrx_word' id='word_1_361' title='bbox 2018 3434 2269 3496; x_wconf 82' lang='lat' dir='ltr'><strong>„Lucretii</strong></span> <span class='ocrx_word' id='word_1_362' title='bbox 2301 3440 2527 3498; x_wconf 87' lang='lat' dir='ltr'><strong>poemata</strong></span> <span class='ocrx_word' id='word_1_363' title='bbox 2542 3472 2555 3495; x_wconf 94' lang='lat'>‚</span> <span class='ocrx_word' id='word_1_364' title='bbox 2591 3440 2649 3485; x_wconf 92' lang='lat' dir='ltr'><strong>ut</strong></span> <span class='ocrx_word' id='word_1_365' title='bbox 2680 3434 2853 3484; x_wconf 88' lang='lat' dir='ltr'><strong>scribis</strong></span> <span class='ocrx_word' id='word_1_366' title='bbox 2885 3434 2957 3485; x_wconf 88' lang='lat' dir='ltr'><strong>ita</strong></span> <span class='ocrx_word' id='word_1_367' title='bbox 2989 3440 3137 3485; x_wconf 86' lang='lat' dir='ltr'><strong>sunt:</strong></span> 
     </span>
     <span class='ocr_line' id='line_1_32' title="bbox 698 3521 3142 3595; baseline 0.001 -17"><span class='ocrx_word' id='word_1_368' title='bbox 698 3527 870 3579; x_wconf 88' lang='lat' dir='ltr'><strong>multis</strong></span> <span class='ocrx_word' id='word_1_369' title='bbox 919 3521 1192 3579; x_wconf 86' lang='lat' dir='ltr'><strong>luminibus</strong></span> <span class='ocrx_word' id='word_1_370' title='bbox 1233 3528 1423 3593; x_wconf 85' lang='lat' dir='ltr'><strong>ingenii</strong></span> <span class='ocrx_word' id='word_1_371' title='bbox 1437 3565 1450 3590; x_wconf 94' lang='lat'>,</span> <span class='ocrx_word' id='word_1_372' title='bbox 1503 3545 1603 3579; x_wconf 92' lang='lat' dir='ltr'><strong>non</strong></span> <span class='ocrx_word' id='word_1_373' title='bbox 1635 3530 1821 3579; x_wconf 86' lang='lat' dir='ltr'><strong>multae</strong></span> <span class='ocrx_word' id='word_1_374' title='bbox 1854 3536 2021 3580; x_wconf 89' lang='lat' dir='ltr'><strong>tamen</strong></span> <span class='ocrx_word' id='word_1_375' title='bbox 2054 3530 2225 3580; x_wconf 89' lang='lat' dir='ltr'><strong>artis.’&#39;</strong></span> <span class='ocrx_word' id='word_1_376' title='bbox 2294 3531 2425 3580; x_wconf 88' lang='lat' dir='ltr'><strong>Nam</strong></span> <span class='ocrx_word' id='word_1_377' title='bbox 2456 3531 2615 3581; x_wconf 85' lang='lat' dir='ltr'><strong>multa</strong></span> <span class='ocrx_word' id='word_1_378' title='bbox 2644 3531 2833 3595; x_wconf 84' lang='lat' dir='ltr'><strong>ingenii</strong></span> <span class='ocrx_word' id='word_1_379' title='bbox 2864 3530 3055 3581; x_wconf 87' lang='lat' dir='ltr'><strong>lumina</strong></span> <span class='ocrx_word' id='word_1_380' title='bbox 3086 3530 3142 3580; x_wconf 92' lang='lat' dir='ltr'><strong>in</strong></span> 
     </span>
     <span class='ocr_line' id='line_1_33' title="bbox 697 3622 3142 3691; baseline 0.001 -18"><span class='ocrx_word' id='word_1_381' title='bbox 697 3622 762 3673; x_wconf 90' lang='lat' dir='ltr'><strong>iis</strong></span> <span class='ocrx_word' id='word_1_382' title='bbox 795 3638 900 3673; x_wconf 88' lang='grc'>6666</span> <span class='ocrx_word' id='word_1_383' title='bbox 919 3659 932 3684; x_wconf 93' lang='grc'><em>,</em></span> <span class='ocrx_word' id='word_1_384' title='bbox 969 3623 1088 3673; x_wconf 82' lang='grc'>66116</span> <span class='ocrx_word' id='word_1_385' title='bbox 1121 3623 1412 3686; x_wconf 85' lang='lat' dir='ltr'><strong>apparebat:</strong></span> <span class='ocrx_word' id='word_1_386' title='bbox 1472 3627 1633 3674; x_wconf 88' lang='lat' dir='ltr'><strong>totum</strong></span> <span class='ocrx_word' id='word_1_387' title='bbox 1665 3640 1789 3688; x_wconf 88' lang='lat' dir='ltr'><strong>opus</strong></span> <span class='ocrx_word' id='word_1_388' title='bbox 1820 3629 1987 3675; x_wconf 88' lang='lat' dir='ltr'><strong>tamen</strong></span> <span class='ocrx_word' id='word_1_389' title='bbox 2010 3661 2024 3686; x_wconf 92' lang='lat'><strong>,</strong></span> <span class='ocrx_word' id='word_1_390' title='bbox 2058 3624 2299 3688; x_wconf 87' lang='lat' dir='ltr'><strong>imprimis</strong></span> <span class='ocrx_word' id='word_1_391' title='bbox 2332 3624 2587 3687; x_wconf 85' lang='lat' dir='ltr'><strong>collocatio</strong></span> <span class='ocrx_word' id='word_1_392' title='bbox 2618 3627 2725 3676; x_wconf 83' lang='lat' dir='ltr'><strong>sive</strong></span> <span class='ocrx_word' id='word_1_393' title='bbox 2757 3626 3011 3691; x_wconf 87' lang='lat' dir='ltr'><strong>dispositio</strong></span> <span class='ocrx_word' id='word_1_394' title='bbox 3040 3643 3142 3677; x_wconf 91' lang='lat' dir='ltr'><strong>non</strong></span> 
     </span>
     <span class='ocr_line' id='line_1_34' title="bbox 699 3716 3139 3785; baseline 0.002 -17"><span class='ocrx_word' id='word_1_395' title='bbox 699 3718 938 3769; x_wconf 86' lang='lat' dir='ltr'><strong>eiusmodi</strong></span> <span class='ocrx_word' id='word_1_396' title='bbox 991 3723 1131 3767; x_wconf 91' lang='lat' dir='ltr'><strong>erant</strong></span> <span class='ocrx_word' id='word_1_397' title='bbox 1168 3716 1224 3767; x_wconf 85' lang='lat' dir='ltr'><strong>in</strong></span> <span class='ocrx_word' id='word_1_398' title='bbox 1256 3734 1399 3783; x_wconf 88' lang='lat' dir='ltr'><strong>opere</strong></span> <span class='ocrx_word' id='word_1_399' title='bbox 1431 3719 1650 3768; x_wconf 89' lang='lat' dir='ltr'><strong>nondum</strong></span> <span class='ocrx_word' id='word_1_400' title='bbox 1681 3719 1899 3783; x_wconf 85' lang='lat' dir='ltr'><strong>perfecto</strong></span> <span class='ocrx_word' id='word_1_401' title='bbox 1922 3756 1935 3781; x_wconf 94' lang='lat'>,</span> <span class='ocrx_word' id='word_1_402' title='bbox 1972 3734 2098 3785; x_wconf 83' lang='lat' dir='ltr'><strong>quae</strong></span> <span class='ocrx_word' id='word_1_403' title='bbox 2132 3719 2380 3770; x_wconf 84' lang='lat' dir='ltr'><strong>Ciceronis</strong></span> <span class='ocrx_word' id='word_1_404' title='bbox 2412 3720 2684 3784; x_wconf 85' lang='lat' dir='ltr'><strong>praeceptis</strong></span> <span class='ocrx_word' id='word_1_405' title='bbox 2716 3722 2996 3773; x_wconf 85' lang='lat' dir='ltr'><strong>satisfacere</strong></span> <span class='ocrx_word' id='word_1_406' title='bbox 3026 3738 3139 3785; x_wconf 87' lang='lat' dir='ltr'><strong>pos-</strong></span> 
     </span>
     <span class='ocr_line' id='line_1_35' title="bbox 704 3811 3132 3881; baseline 0.001 -18"><span class='ocrx_word' id='word_1_407' title='bbox 704 3816 836 3863; x_wconf 87' lang='lat' dir='ltr'><strong>sent:</strong></span> <span class='ocrx_word' id='word_1_408' title='bbox 873 3818 924 3863; x_wconf 87' lang='lat' dir='ltr'><strong>et</strong></span> <span class='ocrx_word' id='word_1_409' title='bbox 953 3812 1009 3862; x_wconf 89' lang='lat' dir='ltr'><strong>in</strong></span> <span class='ocrx_word' id='word_1_410' title='bbox 1039 3811 1102 3862; x_wconf 87' lang='grc'><strong>116</strong></span> <span class='ocrx_word' id='word_1_411' title='bbox 1131 3812 1404 3877; x_wconf 85' lang='lat' dir='ltr'><strong>praeceptis</strong></span> <span class='ocrx_word' id='word_1_412' title='bbox 1436 3818 1603 3863; x_wconf 89' lang='lat' dir='ltr'><strong>tamen</strong></span> <span class='ocrx_word' id='word_1_413' title='bbox 1635 3814 1950 3864; x_wconf 84' lang='lat' dir='ltr'><strong>observandis</strong></span> <span class='ocrx_word' id='word_1_414' title='bbox 1982 3830 2093 3863; x_wconf 90' lang='lat' dir='ltr'><strong>cum</strong></span> <span class='ocrx_word' id='word_1_415' title='bbox 2127 3816 2339 3864; x_wconf 86' lang='lat' dir='ltr'><strong>maxime</strong></span> <span class='ocrx_word' id='word_1_416' title='bbox 2368 3820 2524 3865; x_wconf 87' lang='lat' dir='ltr'><strong>artem</strong></span> <span class='ocrx_word' id='word_1_417' title='bbox 2556 3816 2735 3879; x_wconf 88' lang='lat' dir='ltr'><strong>posuit.</strong></span> <span class='ocrx_word' id='word_1_418' title='bbox 2793 3815 3132 3881; x_wconf 81' lang='lat' dir='ltr'><strong>Wesenbergii</strong></span> 
     </span>
     <span class='ocr_line' id='line_1_36' title="bbox 697 3904 3135 3975; baseline 0.002 -20"><span class='ocrx_word' id='word_1_419' title='bbox 697 3904 987 3956; x_wconf 81' lang='lat' dir='ltr'><strong>lectionem:</strong></span> <span class='ocrx_word' id='word_1_420' title='bbox 1044 3906 1248 3967; x_wconf 82' lang='lat' dir='ltr'><strong>„multis</strong></span> <span class='ocrx_word' id='word_1_421' title='bbox 1279 3905 1552 3957; x_wconf 88' lang='lat' dir='ltr'><strong>luminibus</strong></span> <span class='ocrx_word' id='word_1_422' title='bbox 1585 3906 1777 3971; x_wconf 86' lang='lat' dir='ltr'><strong>ingenii</strong></span> <span class='ocrx_word' id='word_1_423' title='bbox 1794 3944 1808 3968; x_wconf 90' lang='lat'>‚</span> <span class='ocrx_word' id='word_1_424' title='bbox 1853 3908 2038 3959; x_wconf 85' lang='lat' dir='ltr'><strong>multae</strong></span> <span class='ocrx_word' id='word_1_425' title='bbox 2070 3909 2220 3959; x_wconf 87' lang='lat' dir='ltr'><strong>etiam</strong></span> <span class='ocrx_word' id='word_1_426' title='bbox 2255 3910 2404 3959; x_wconf 88' lang='lat' dir='ltr'><strong>artis‘&#39;</strong></span> <span class='ocrx_word' id='word_1_427' title='bbox 2428 3946 2441 3970; x_wconf 90' lang='lat'><strong>,</strong></span> <span class='ocrx_word' id='word_1_428' title='bbox 2489 3908 2693 3972; x_wconf 88' lang='lat' dir='ltr'><strong>probare</strong></span> <span class='ocrx_word' id='word_1_429' title='bbox 2725 3926 2826 3960; x_wconf 91' lang='lat' dir='ltr'><strong>non</strong></span> <span class='ocrx_word' id='word_1_430' title='bbox 2862 3926 3135 3975; x_wconf 87' lang='lat' dir='ltr'><strong>possumus.</strong></span> 
     </span>
     <span class='ocr_line' id='line_1_37' title="bbox 698 4000 2673 4069; baseline 0.002 -18"><span class='ocrx_word' id='word_1_431' title='bbox 698 4000 780 4051; x_wconf 89' lang='lat' dir='ltr'><strong>Ex</strong></span> <span class='ocrx_word' id='word_1_432' title='bbox 815 4000 1062 4053; x_wconf 88' lang='lat' dir='ltr'><strong>Ciceronis</strong></span> <span class='ocrx_word' id='word_1_433' title='bbox 1091 4006 1256 4053; x_wconf 87' lang='lat' dir='ltr'><strong>mente</strong></span> <span class='ocrx_word' id='word_1_434' title='bbox 1287 4002 1448 4052; x_wconf 88' lang='lat' dir='ltr'><strong>multa</strong></span> <span class='ocrx_word' id='word_1_435' title='bbox 1479 4018 1558 4053; x_wconf 89' lang='lat' dir='ltr'><strong>ars</strong></span> <span class='ocrx_word' id='word_1_436' title='bbox 1591 4002 1816 4054; x_wconf 87' lang='lat' dir='ltr'><strong>Lucretii</strong></span> <span class='ocrx_word' id='word_1_437' title='bbox 1848 4004 2147 4055; x_wconf 87' lang='lat' dir='ltr'><strong>carminibus</strong></span> <span class='ocrx_word' id='word_1_438' title='bbox 2180 4004 2335 4055; x_wconf 89' lang='lat' dir='ltr'><strong>tribui</strong></span> <span class='ocrx_word' id='word_1_439' title='bbox 2365 4020 2466 4055; x_wconf 87' lang='lat' dir='ltr'><strong>non</strong></span> <span class='ocrx_word' id='word_1_440' title='bbox 2497 4010 2673 4069; x_wconf 87' lang='lat' dir='ltr'><strong>potest.</strong></span> 
     </span>
    </p>

    <p class='ocr_par' dir='ltr' id='par_1_6' title="bbox 770 4094 1423 4157">
     <span class='ocr_line' id='line_1_38' title="bbox 770 4094 1423 4157; baseline 0.002 -13"><span class='ocrx_word' id='word_1_441' title='bbox 770 4094 809 4157; x_wconf 81' lang='grc' dir='ltr'><strong>ι)</strong></span> <span class='ocrx_word' id='word_1_442' title='bbox 876 4095 1043 4145; x_wconf 86' lang='lat' dir='ltr'><strong>Amor.</strong></span> <span class='ocrx_word' id='word_1_443' title='bbox 1064 4132 1078 4156; x_wconf 89' lang='lat'><strong>,</strong></span> <span class='ocrx_word' id='word_1_444' title='bbox 1115 4094 1142 4145; x_wconf 94' lang='lat'>1</span> <span class='ocrx_word' id='word_1_445' title='bbox 1164 4132 1178 4156; x_wconf 89' lang='lat'><strong>,</strong></span> <span class='ocrx_word' id='word_1_446' title='bbox 1217 4098 1308 4157; x_wconf 86' lang='lat'><strong>15,</strong></span> <span class='ocrx_word' id='word_1_447' title='bbox 1345 4100 1423 4145; x_wconf 83' lang='lat'><strong>23.</strong></span> 
     </span>
    </p>

    <p class='ocr_par' dir='ltr' id='par_1_7' title="bbox 635 4188 3140 4735">
     <span class='ocr_line' id='line_1_39' title="bbox 763 4188 3140 4262; baseline 0.003 -24"><span class='ocrx_word' id='word_1_448' title='bbox 763 4188 802 4249; x_wconf 82' lang='lat'><strong>²)</strong></span> <span class='ocrx_word' id='word_1_449' title='bbox 871 4189 1062 4239; x_wconf 84' lang='lat' dir='ltr'><strong>Gellius</strong></span> <span class='ocrx_word' id='word_1_450' title='bbox 1085 4226 1098 4251; x_wconf 94' lang='lat'>,</span> <span class='ocrx_word' id='word_1_451' title='bbox 1135 4189 1162 4240; x_wconf 97' lang='lat' dir='ltr'>I</span> <span class='ocrx_word' id='word_1_452' title='bbox 1181 4226 1194 4251; x_wconf 94' lang='lat'>,</span> <span class='ocrx_word' id='word_1_453' title='bbox 1233 4193 1290 4239; x_wconf 89' lang='lat'><strong>21</strong></span> <span class='ocrx_word' id='word_1_454' title='bbox 1314 4208 1325 4239; x_wconf 92' lang='lat'><strong>:</strong></span> <span class='ocrx_word' id='word_1_455' title='bbox 1396 4227 1428 4251; x_wconf 88' lang='lat'>„</span> <span class='ocrx_word' id='word_1_456' title='bbox 1443 4191 1492 4241; x_wconf 89' lang='lat' dir='ltr'>N</span> <span class='ocrx_word' id='word_1_457' title='bbox 1494 4207 1559 4241; x_wconf 87' lang='lat' dir='ltr'><strong>on</strong></span> <span class='ocrx_word' id='word_1_458' title='bbox 1589 4192 1742 4242; x_wconf 85' lang='lat' dir='ltr'><strong>verba</strong></span> <span class='ocrx_word' id='word_1_459' title='bbox 1776 4197 1941 4243; x_wconf 90' lang='lat' dir='ltr'><strong>autem</strong></span> <span class='ocrx_word' id='word_1_460' title='bbox 1966 4194 2069 4244; x_wconf 90' lang='lat' dir='ltr'><strong>sola</strong></span> <span class='ocrx_word' id='word_1_461' title='bbox 2090 4196 2177 4245; x_wconf 88' lang='lat' dir='ltr'><strong>sed</strong></span> <span class='ocrx_word' id='word_1_462' title='bbox 2205 4210 2376 4245; x_wconf 82' lang='lat' dir='ltr'><strong>versus</strong></span> <span class='ocrx_word' id='word_1_463' title='bbox 2397 4210 2547 4259; x_wconf 88' lang='lat' dir='ltr'><strong>prope</strong></span> <span class='ocrx_word' id='word_1_464' title='bbox 2568 4199 2697 4245; x_wconf 89' lang='lat' dir='ltr'><strong>totos</strong></span> <span class='ocrx_word' id='word_1_465' title='bbox 2719 4199 2769 4246; x_wconf 89' lang='lat' dir='ltr'><strong>et</strong></span> <span class='ocrx_word' id='word_1_466' title='bbox 2788 4195 2921 4247; x_wconf 87' lang='lat' dir='ltr'><strong>locos</strong></span> <span class='ocrx_word' id='word_1_467' title='bbox 2945 4211 3140 4262; x_wconf 88' lang='lat' dir='ltr'><strong>quoque</strong></span> 
     </span>
     <span class='ocr_line' id='line_1_40' title="bbox 699 4282 3140 4356; baseline 0.002 -22"><span class='ocrx_word' id='word_1_468' title='bbox 699 4282 918 4334; x_wconf 88' lang='lat' dir='ltr'><strong>Lucretii</strong></span> <span class='ocrx_word' id='word_1_469' title='bbox 970 4283 1208 4347; x_wconf 87' lang='lat' dir='ltr'><strong>plurimos</strong></span> <span class='ocrx_word' id='word_1_470' title='bbox 1257 4290 1497 4335; x_wconf 86' lang='lat' dir='ltr'><strong>sectatum</strong></span> <span class='ocrx_word' id='word_1_471' title='bbox 1544 4301 1649 4335; x_wconf 89' lang='lat' dir='ltr'><strong>esse</strong></span> <span class='ocrx_word' id='word_1_472' title='bbox 1690 4286 1967 4351; x_wconf 79' lang='lat' dir='ltr'><strong>Vergilium</strong></span> <span class='ocrx_word' id='word_1_473' title='bbox 2016 4288 2290 4339; x_wconf 82' lang='lat' dir='ltr'><strong>videmus.&#39;&#39;</strong></span> <span class='ocrx_word' id='word_1_474' title='bbox 2362 4289 2437 4339; x_wconf 85' lang='lat' dir='ltr'><strong>Cf.</strong></span> <span class='ocrx_word' id='word_1_475' title='bbox 2490 4289 2691 4340; x_wconf 81' lang='lat' dir='ltr'><strong>Mum-oi</strong></span> <span class='ocrx_word' id='word_1_476' title='bbox 2722 4288 2987 4340; x_wconf 88' lang='lat' dir='ltr'><strong>editionem</strong></span> <span class='ocrx_word' id='word_1_477' title='bbox 3005 4328 3019 4352; x_wconf 87' lang='lat'><strong>,</strong></span> <span class='ocrx_word' id='word_1_478' title='bbox 3053 4289 3140 4356; x_wconf 90' lang='lat' dir='ltr'><strong>qui</strong></span> 
     </span>
     <span class='ocr_line' id='line_1_41' title="bbox 698 4378 3140 4447; baseline 0.003 -20"><span class='ocrx_word' id='word_1_479' title='bbox 698 4378 880 4429; x_wconf 87' lang='lat' dir='ltr'><strong>multos</strong></span> <span class='ocrx_word' id='word_1_480' title='bbox 913 4378 1055 4429; x_wconf 85' lang='lat' dir='ltr'><strong>affert</strong></span> <span class='ocrx_word' id='word_1_481' title='bbox 1085 4378 1326 4429; x_wconf 89' lang='lat' dir='ltr'><strong>eiusmodi</strong></span> <span class='ocrx_word' id='word_1_482' title='bbox 1357 4379 1490 4430; x_wconf 84' lang='lat' dir='ltr'><strong>locos</strong></span> <span class='ocrx_word' id='word_1_483' title='bbox 1523 4382 1586 4430; x_wconf 88' lang='lat' dir='ltr'><strong>ad</strong></span> <span class='ocrx_word' id='word_1_484' title='bbox 1620 4380 1711 4431; x_wconf 95' lang='lat' dir='ltr'><strong>III</strong></span> <span class='ocrx_word' id='word_1_485' title='bbox 1730 4418 1743 4443; x_wconf 92' lang='lat'><strong><em>‚</em></strong></span> <span class='ocrx_word' id='word_1_486' title='bbox 1780 4386 1889 4431; x_wconf 86' lang='lat'><strong>451.</strong></span> <span class='ocrx_word' id='word_1_487' title='bbox 1960 4384 2211 4447; x_wconf 88' lang='lat' dir='ltr'><strong>Imprimis</strong></span> <span class='ocrx_word' id='word_1_488' title='bbox 2245 4390 2411 4435; x_wconf 87' lang='lat' dir='ltr'><strong>autem</strong></span> <span class='ocrx_word' id='word_1_489' title='bbox 2446 4387 2767 4437; x_wconf 89' lang='lat' dir='ltr'><strong>conferendus</strong></span> <span class='ocrx_word' id='word_1_490' title='bbox 2802 4392 2879 4438; x_wconf 88' lang='lat' dir='ltr'><strong>est</strong></span> <span class='ocrx_word' id='word_1_491' title='bbox 2898 4385 3140 4437; x_wconf 85' lang='lat' dir='ltr'><strong>Macrobii</strong></span> 
     </span>
     <span class='ocr_line' id='line_1_42' title="bbox 635 4473 3139 4547; baseline 0.004 -24"><span class='ocrx_word' id='word_1_492' title='bbox 635 4525 638 4528; x_wconf 79' lang='grc'><strong>,</strong></span> <span class='ocrx_word' id='word_1_493' title='bbox 699 4473 1078 4524; x_wconf 81' lang='lat' dir='ltr'><strong>saturnaliorum</strong></span> <span class='ocrx_word' id='word_1_494' title='bbox 1125 4473 1252 4523; x_wconf 91' lang='lat' dir='ltr'><strong>liber</strong></span> <span class='ocrx_word' id='word_1_495' title='bbox 1290 4474 1366 4524; x_wconf 89' lang='lat' dir='ltr'><strong>VI</strong></span> <span class='ocrx_word' id='word_1_496' title='bbox 1386 4510 1400 4535; x_wconf 91' lang='lat'><strong><em>‚</em></strong></span> <span class='ocrx_word' id='word_1_497' title='bbox 1449 4474 1536 4525; x_wconf 90' lang='lat' dir='ltr'><strong>ubi</strong></span> <span class='ocrx_word' id='word_1_498' title='bbox 1567 4476 1793 4527; x_wconf 86' lang='lat' dir='ltr'><strong>invenies</strong></span> <span class='ocrx_word' id='word_1_499' title='bbox 1834 4482 2089 4529; x_wconf 88' lang='lat' dir='ltr'><strong>sexcentos</strong></span> <span class='ocrx_word' id='word_1_500' title='bbox 2120 4480 2252 4530; x_wconf 87' lang='lat' dir='ltr'><strong>locos</strong></span> <span class='ocrx_word' id='word_1_501' title='bbox 2269 4516 2284 4541; x_wconf 92' lang='lat'>,</span> <span class='ocrx_word' id='word_1_502' title='bbox 2319 4485 2377 4530; x_wconf 89' lang='lat' dir='ltr'><strong>ut</strong></span> <span class='ocrx_word' id='word_1_503' title='bbox 2409 4480 2481 4530; x_wconf 86' lang='lat' dir='ltr'><strong>ita</strong></span> <span class='ocrx_word' id='word_1_504' title='bbox 2512 4480 2671 4531; x_wconf 89' lang='lat' dir='ltr'><strong>dicam</strong></span> <span class='ocrx_word' id='word_1_505' title='bbox 2686 4518 2700 4542; x_wconf 91' lang='lat'>‚</span> <span class='ocrx_word' id='word_1_506' title='bbox 2736 4498 2858 4547; x_wconf 88' lang='lat' dir='ltr'><strong>quos</strong></span> <span class='ocrx_word' id='word_1_507' title='bbox 2890 4482 3139 4547; x_wconf 80' lang='lat' dir='ltr'><strong>Vergilius</strong></span> 
     </span>
     <span class='ocr_line' id='line_1_43' title="bbox 699 4568 3139 4643; baseline 0.005 -25"><span class='ocrx_word' id='word_1_508' title='bbox 699 4573 896 4619; x_wconf 83' lang='lat' dir='ltr'><strong>secutus</strong></span> <span class='ocrx_word' id='word_1_509' title='bbox 949 4573 1038 4619; x_wconf 88' lang='lat' dir='ltr'><strong>est.</strong></span> <span class='ocrx_word' id='word_1_510' title='bbox 1106 4568 1390 4619; x_wconf 84' lang='lat' dir='ltr'><strong>Ludovicus</strong></span> <span class='ocrx_word' id='word_1_511' title='bbox 1437 4570 1590 4621; x_wconf 82' lang='lat' dir='ltr'><strong>Ianus</strong></span> <span class='ocrx_word' id='word_1_512' title='bbox 1638 4576 1805 4622; x_wconf 87' lang='lat' dir='ltr'><strong>autem</strong></span> <span class='ocrx_word' id='word_1_513' title='bbox 1852 4572 1907 4622; x_wconf 91' lang='lat' dir='ltr'><strong>in</strong></span> <span class='ocrx_word' id='word_1_514' title='bbox 1937 4573 2068 4624; x_wconf 87' lang='lat' dir='ltr'><strong>notis</strong></span> <span class='ocrx_word' id='word_1_515' title='bbox 2115 4574 2247 4625; x_wconf 82' lang='lat' dir='ltr'><strong>locos</strong></span> <span class='ocrx_word' id='word_1_516' title='bbox 2295 4574 2603 4643; x_wconf 77' lang='lat' dir='ltr'><strong>Vergilianus</strong></span> <span class='ocrx_word' id='word_1_517' title='bbox 2646 4576 2919 4641; x_wconf 86' lang='lat' dir='ltr'><strong>adscripsit.</strong></span> <span class='ocrx_word' id='word_1_518' title='bbox 2986 4578 3139 4629; x_wconf 86' lang='lat' dir='ltr'><strong>Hunc</strong></span> 
     </span>
     <span class='ocr_line' id='line_1_44' title="bbox 697 4664 1871 4735; baseline 0.007 -18"><span class='ocrx_word' id='word_1_519' title='bbox 697 4664 886 4719; x_wconf 78' lang='lat' dir='ltr'><strong>fontem</strong></span> <span class='ocrx_word' id='word_1_520' title='bbox 919 4664 1160 4720; x_wconf 76' lang='lat' dir='ltr'><strong>Munrous</strong></span> <span class='ocrx_word' id='word_1_521' title='bbox 1191 4680 1292 4719; x_wconf 78' lang='lat' dir='ltr'><strong>non</strong></span> <span class='ocrx_word' id='word_1_522' title='bbox 1323 4672 1590 4735; x_wconf 76' lang='lat' dir='ltr'><strong>memorat,</strong></span> <span class='ocrx_word' id='word_1_523' title='bbox 1624 4667 1679 4725; x_wconf 78' lang='lat' dir='ltr'><strong>ni</strong></span> <span class='ocrx_word' id='word_1_524' title='bbox 1711 4668 1871 4725; x_wconf 76' lang='lat' dir='ltr'><strong>fallor·</strong></span> 
     </span>
    </p>
   </div>
  </div>
 </body>
</html>
