3529 5359
1588 383 1667 446 77

397 609 472 652 ra
527 587 904 672 animaeque
974 589 1256 671 potestas
1275 634 1291 667 ,
1357 584 1452 648 nil
1513 590 1732 649 tamen
1778 589 1875 648 est
1919 584 2000 649 ad
2043 607 2201 667 nos,
2249 585 2359 671 qui
2405 591 2662 670 comptu
2706 608 2853 651 con-

396 706 696 792 iugioque
742 703 1019 790 corporis
1050 708 1243 789 atque
1274 702 1523 766 animae
1553 702 1958 766 consistimus
1987 703 2199 766 uniter
2228 703 2403 788 apti”
2437 705 2495 786 ¹).
2543 705 2606 768 N
2610 685 2688 768 os·
2709 710 2852 790 post

397 829 668 888 mortem
699 843 826 886 11011
862 821 1135 906 amplius
1174 820 1408 884 erimus
1435 869 1452 903 ,
1491 819 1603 884 sed
1635 840 1865 905 corpus
1895 825 2182 884 nostrum
2212 819 2475 886 fortasse
2507 821 2847 908 aliquando

397 961 614 1003 rursus
659 939 894 1002 existet
939 958 1083 1001 cum
1131 935 1355 1000 eodem
1400 935 1612 1000 animo
1658 936 2084 1000 coniunctum.
2175 936 2339 1001 Cum
2384 938 2554 1002 enim
2600 939 2851 1003 animus

400 1062 465 1121 et
509 1077 737 1142 corpus
782 1060 1071 1120 constent
1117 1074 1152 1118 0
1198 1054 1639 1140 complexione
1708 1053 2056 1118 secundum
2102 1060 2346 1118 certum
2392 1055 2678 1119 ordinem
2724 1056 2850 1120 coI-

398 1172 747 1237 locatarum
769 1178 1123 1236 atomorum
1141 1221 1158 1255 ,
1192 1171 1414 1256 negari
1445 1192 1574 1235 non
1603 1177 1850 1257 potest,
1898 1193 2043 1236 cum
2074 1192 2189 1257 per
2219 1171 2513 1236 immensi
2542 1174 2848 1260 temporis

400 1289 729 1374 praeteriti
745 1289 1038 1374 spatium,
1055 1294 1196 1352 tum
1211 1309 1326 1374 per
1342 1289 1654 1352 immensa
1671 1289 1925 1353 saecula
1940 1288 2172 1372 futura,
2189 1289 2417 1353 iisdem
2433 1290 2637 1354 causis
2656 1311 2848 1375 agen-

402 1405 572 1470 tibus
595 1456 612 1489 ,
660 1404 928 1470 eandem
966 1406 1305 1491 aliquando
1330 1404 1538 1470 redire
1565 1406 2126 1490 congregationem
2158 1412 2512 1470 atomorum
2538 1413 2601 1470 et
2632 1428 2847 1494 corpo-

401 1524 488 1587 ris
535 1530 599 1587 et
644 1524 842 1588 animi
885 1525 994 1607 ita,
1042 1529 1115 1587 ut
1160 1523 1331 1588 idem
1360 1523 1550 1587 homo
1579 1545 1797 1587 rursus
1829 1524 2083 1587 existat.
2129 1524 2438 1588 Attamen
2465 1546 2847 1611 quamquam

401 1639 571 1704 idem
618 1646 713 1704 est
756 1639 967 1723 hom0,
1016 1639 1188 1727 quod
1233 1640 1314 1705 ad
1362 1641 1638 1726 corporis
1685 1646 1749 1704 et
1795 1640 1991 1704 animi
2034 1640 2301 1705 formam
2334 1646 2398 1705 et
2430 1641 2627 1705 vitam
2651 1643 2848 1727 perti-

401 1763 553 1840 net,
621 1764 836 1822 tamen
902 1757 1065 1822 nihil
1108 1757 1231 1822 hoc
1284 1757 1363 1822 ad
1409 1778 1559 1841 nos3
1605 1757 1977 1822 memoriam
2025 1759 2369 1843 superioris
2417 1759 2588 1823 vitae
2634 1761 2845 1823 amisi-

401 1896 544 1939 mus
568 1925 585 1958 ,
653 1896 782 1939 non
854 1875 1154 1957 „memori
1220 1874 1288 1938 id
1333 1876 1584 1962 quimus
1652 1874 2121 1961 reprehendere
2168 1881 2424 1939 mente:
2472 1876 2640 1939 inter
2672 1877 2843 1940 enim

400 1992 629 2058 iectast
693 1993 849 2057 vitai
917 2015 1117 2079 pausa
1142 2043 1158 2076 ,
1226 2013 1518 2079 vageque
1565 1992 1937 2056 deerrarunt
1980 1992 2216 2078 passim
2261 1999 2471 2057 motus
2516 1994 2595 2058 ab
2650 1994 2846 2058 sensi-

401 2111 523 2175 bus
581 2109 909 2195 omnes’'²).
1001 2111 1188 2194 Ergo,
1239 2132 1384 2174 cum
1428 2117 1736 2196 perpetuo
1783 2110 2197 2196 abrumpatur
2240 2111 2413 2193 vita,
2477 2112 2846 2193 „mortalem

401 2228 603 2292 vitam
645 2250 813 2292 mors
858 2250 1002 2292 cum
1046 2228 1420 2291 immortalis
1465 2227 1742 2292 adimat'’
1772 2228 1855 2311 ³),
1902 2249 2031 2291 non
2084 2248 2418 2313 possumus
2464 2250 2626 2315 quae
2657 2236 2847 2294 antea

401 2346 572 2408 mala
614 2367 800 2430 passa
833 2350 929 2408 est
960 2344 1181 2409 eadem
1214 2350 1568 2409 atomorum
1600 2344 1936 2429 conplexio
1962 2393 1979 2426 ,
2026 2365 2150 2429 qua
2181 2365 2349 2407 nunc
2378 2366 2493 2408 nos
2522 2345 2847 2429 vigemuS,

402 2469 618 2527 mente
665 2469 1040 2528 connectere
1088 2484 1231 2526 cum
1276 2464 1629 2548 praesentis
1658 2462 1963 2548 temporis
1993 2467 2195 2538 statu:
2244 2483 2395 2547 ergo
2426 2463 2516 2526 nil
2546 2463 2612 2526 in
2643 2470 2847 2528 morte

403 2579 587 2643 nobis
635 2586 730 2644 est
774 2580 1147 2644 timendum.

489 2698 552 2761 N
555 2700 730 2782 egari
769 2720 896 2762 non
926 2704 1136 2784 potest
1164 2699 1232 2762 in
1262 2698 1362 2762 his
1393 2697 1683 2762 omnibus
1714 2699 2086 2781 Lucretium
2117 2698 2238 2762 sibi
2268 2704 2554 2763 constare
2586 2699 2844 2785 optime.

404 2815 532 2879 Sed
574 2816 768 2879 etiam
813 2837 897 2880 ex
942 2816 1204 2902 Epicuri
1253 2816 1502 2901 scriptis
1548 2837 1695 2880 eum
1739 2815 2025 2881 hausisse
2073 2838 2216 2880 cum
2260 2817 2581 2880 nonnullis
2611 2818 2847 2882 indica-

403 2937 511 2995 tur
566 2932 999 3016 documentis,
1047 2938 1184 2997 tum
1217 2954 1321 3015 00,
1369 2932 1536 3019 (111οᾶ
1565 2931 1723 2997 haec
1755 2932 1969 2996 omnia
1991 2934 2344 2997 necessario
2376 2940 2847 3020 consequuntur

404 3070 489 3113 ex
534 3050 645 3132 iis,
692 3072 855 3135 quae
898 3072 1089 3135 supra
1117 3050 1515 3114 laudavimus
1560 3050 1825 3135 Epicuri
1870 3050 2100 3114 verbis.
2150 3050 2312 3115 Cum
2336 3050 2456 3114 hoc
2488 3052 2654 3137 quod
2686 3052 2844 3115 dicit

403 3166 565 3231 nihil
603 3168 684 3232 ad
726 3189 842 3232 nos
886 3169 1206 3254 pertinere
1253 3168 1421 3254 quod
1465 3174 1613 3232 ante
1657 3174 1867 3231 ortum
1910 3174 2197 3233 nostrum
2242 3168 2478 3233 factum
2525 3170 2607 3233 sit
2637 3190 2847 3257 neque

405 3284 572 3369 quod
615 3290 756 3371 post
798 3291 1068 3349 mortem
1112 3291 1571 3349 usuventurum
1617 3285 1738 3366 sit,
1787 3285 1955 3371 quod
1999 3286 2231 3371 repetit
2278 3308 2368 3350 vs,
2406 3288 2529 3349 972
2568 3288 2847 3372 „respice

403 3399 559 3463 item
626 3422 814 3486 quam
858 3403 950 3465 nil
995 3401 1076 3465 ad
1117 3424 1232 3466 nos
1277 3408 1424 3466 ante
1471 3409 1612 3466 acta
1654 3408 1941 3467 vetustas
1985 3403 2286 3489 temporis
2332 3405 2575 3467 aeterni
2620 3404 2845 3489 fuerit,

404 3539 594 3603 quam
637 3518 958 3582 nascimur
1002 3525 1150 3583 ante
1177 3568 1191 3582 .
1225 3518 1347 3583 hoc
1391 3520 1589 3603 igitur
1633 3519 1961 3605 speculum
1992 3519 2174 3583 nobis
2198 3527 2425 3583 natura
2450 3520 2647 3585 futuri
2688 3527 2847 3585 tem-

402 3634 576 3719 poris
621 3636 887 3720 exponit
931 3642 1075 3720 post
1097 3642 1366 3700 mortem
1398 3636 1670 3722 denique
1696 3636 2041 3719 nostram’'‚
2088 3637 2431 3722 praecipue
2465 3637 2851 3702 conferenda

405 3756 552 3813 sunt
595 3750 754 3815 haec
801 3750 1123 3817 Crantoris
1167 3752 1402 3817 veteris
1447 3752 1809 3816 academiae
1855 3752 2215 3838 philosophi
2238 3753 2452 3836 verba,
2486 3774 2647 3839 quae
2679 3754 2851 3839 apud

401 3867 575 3932 Plut.
641 3868 709 3931 in
778 3868 1011 3933 Consol
1043 3917 1057 3932 .
1106 3868 1189 3934 ad
1253 3868 1550 3955 Apollon.
1615 3891 1751 3955 cap.
1807 3872 1883 3933 15
1929 3869 2252 3953 legimus:
2322 3875 2445 3951 „eie
2491 3873 2607 3948 τὴν
2653 3872 2849 3949 αὐτὴν

403 3984 522 4050 οὖν
587 3984 767 4059 τάξιν
833 3989 893 4052 οἶ
958 3985 1437 4063 τελευτήσαντες
1512 3989 1916 4052 καθίστανται
1991 3991 2067 4072 τῇ
2132 3987 2257 4071 πρὸ
2323 3996 2433 4062 τῆς
2500 3990 2804 4071 ’γενέσεως
2832 4037 2848 4053 .

404 4104 610 4188 ὥσπερ
658 4103 775 4168 οὖν
820 4100 1005 4169 οὐδὲν
1049 4106 1198 4186 ἡμῖν
1243 4108 1323 4180 ἦν
1365 4105 1492 4190 πρὸ
1536 4114 1647 4180 τῆς
1694 4105 1991 4189 γενέσεως
2028 4101 2412 4189 οὔτ’ἆγαθὸν
2443 4102 2582 4169 οὔτε
2613 4107 2843 4185 κακόν,

405 4220 610 4297 οὕτως
655 4217 798 4287 οὐδὲ
841 4223 992 4304 μετὰ
1037 4222 1154 4299 τὴν
1196 4219 1520 4297 τελευτήν,
1569 4226 1664 4287 καὶ
1711 4222 1989 4306 καθάπερ
2035 4219 2111 4285 τὰ
2157 4221 2283 4306 πρὸ
2328 4222 2507 4304 ἡμῶν
2552 4219 2737 4287 οὐδὲν
2768 4225 2846 4299 ἦν

473 4537 506 4602 ¹)
576 4537 662 4588 Vs.
698 4541 938 4588 843—46.
988 4554 992 4559 ³

468 4631 510 4698 ²)
578 4632 664 4683 Vs.
701 4635 794 4683 868
827 4649 961 4699 seqq.

468 4725 506 4785 ⁸)
572 4726 659 4776 Vs.
697 4728 807 4775 869.
1441 4732 1470 4756 ⁴*
