<?xml version="1.0" encoding="UTF-8"?>
<!DOCTYPE html PUBLIC "-//W3C//DTD XHTML 1.0 Transitional//EN"
    "http://www.w3.org/TR/xhtml1/DTD/xhtml1-transitional.dtd">
<html xmlns="http://www.w3.org/1999/xhtml" xml:lang="en" lang="en">
 <head>
  <title>
</title>
<meta http-equiv="Content-Type" content="text/html;charset=utf-8" />
  <meta name='ocr-system' content='tesseract 3.04.00' />
  <meta name='ocr-capabilities' content='ocr_page ocr_carea ocr_par ocr_line ocrx_word'/>
</head>
<body>
  <div class='ocr_page' id='page_1' title='image "./lucretiiphiloso01woltgoog_0171.png"; bbox 0 0 3529 5359; ppageno 0'>
   <div class='ocr_carea' id='block_1_1' title="bbox 1575 373 1698 434">
    <p class='ocr_par' dir='ltr' id='par_1_1' title="bbox 1575 373 1698 434">
     <span class='ocr_line' id='line_1_1' title="bbox 1575 373 1698 434; baseline 0 -1"><span class='ocrx_word' id='word_1_1' title='bbox 1575 373 1698 434; x_wconf 84' lang='lat'>159</span> 
     </span>
    </p>
   </div>
   <div class='ocr_carea' id='block_1_2' title="bbox 389 571 2854 1367">
    <p class='ocr_par' dir='ltr' id='par_1_2' title="bbox 389 571 2854 894">
     <span class='ocr_line' id='line_1_2' title="bbox 391 571 2852 662; baseline 0.002 -26"><span class='ocrx_word' id='word_1_2' title='bbox 391 572 514 636; x_wconf 83' lang='grc' dir='ltr'>οὐκ</span> <span class='ocrx_word' id='word_1_3' title='bbox 561 571 761 638; x_wconf 67' lang='grc' dir='ltr'>ἐθέλει</span> <span class='ocrx_word' id='word_1_4' title='bbox 807 623 822 636; x_wconf 93' lang='grc'><strong>.</strong></span> <span class='ocrx_word' id='word_1_5' title='bbox 857 621 872 636; x_wconf 90' lang='grc'><strong>.</strong></span> <span class='ocrx_word' id='word_1_6' title='bbox 897 622 922 654; x_wconf 22' lang='lat'>¹.</span> <span class='ocrx_word' id='word_1_7' title='bbox 967 573 1201 660; x_wconf 78' lang='grc' dir='ltr'>βῦσσῳ</span> <span class='ocrx_word' id='word_1_8' title='bbox 1251 572 1312 640; x_wconf 76' lang='grc' dir='ltr'>δὲ</span> <span class='ocrx_word' id='word_1_9' title='bbox 1363 573 1568 662; x_wconf 61' lang='grc' dir='ltr'>ξανθῇ</span> <span class='ocrx_word' id='word_1_10' title='bbox 1615 577 1839 641; x_wconf 85' lang='grc' dir='ltr'>κόκκου</span> <span class='ocrx_word' id='word_1_11' title='bbox 1886 580 2322 662; x_wconf 79' lang='grc' dir='ltr'>καταμίσγεται</span> <span class='ocrx_word' id='word_1_12' title='bbox 2353 576 2619 661; x_wconf 62' lang='grc' dir='ltr'><strong>(ὄνθος).</strong></span> <span class='ocrx_word' id='word_1_13' title='bbox 2652 577 2852 660; x_wconf 76' lang='grc' dir='ltr'><strong>ΜῑὶΠ,</strong></span> 
     </span>
     <span class='ocr_line' id='line_1_3' title="bbox 390 685 2854 781; baseline 0.004 -31"><span class='ocrx_word' id='word_1_14' title='bbox 390 685 467 750; x_wconf 79' lang='lat' dir='ltr'>fr.</span> <span class='ocrx_word' id='word_1_15' title='bbox 520 687 714 774; x_wconf 87' lang='lat' dir='ltr'>Emp.</span> <span class='ocrx_word' id='word_1_16' title='bbox 763 691 923 772; x_wconf 87' lang='lat'>340,</span> <span class='ocrx_word' id='word_1_17' title='bbox 971 693 1047 754; x_wconf 90' lang='lat'>41</span> <span class='ocrx_word' id='word_1_18' title='bbox 1079 741 1096 773; x_wconf 80' lang='lat'>,</span> <span class='ocrx_word' id='word_1_19' title='bbox 1143 694 1246 756; x_wconf 85' lang='lat'>42.</span> <span class='ocrx_word' id='word_1_20' title='bbox 1337 692 1593 755; x_wconf 81' lang='lat' dir='ltr'><strong>Laudes</strong></span> <span class='ocrx_word' id='word_1_21' title='bbox 1637 692 1835 775; x_wconf 89' lang='lat' dir='ltr'>igitur</span> <span class='ocrx_word' id='word_1_22' title='bbox 1879 691 2070 757; x_wconf 89' lang='lat' dir='ltr'>huius</span> <span class='ocrx_word' id='word_1_23' title='bbox 2116 693 2437 758; x_wconf 89' lang='lat' dir='ltr'>doctrinae</span> <span class='ocrx_word' id='word_1_24' title='bbox 2481 695 2854 781; x_wconf 87' lang='lat' dir='ltr'>qaaliscum-</span> 
     </span>
     <span class='ocr_line' id='line_1_4' title="bbox 389 805 1723 894; baseline 0.003 -26"><span class='ocrx_word' id='word_1_25' title='bbox 389 826 522 890; x_wconf 91' lang='lat' dir='ltr'>que</span> <span class='ocrx_word' id='word_1_26' title='bbox 573 805 908 892; x_wconf 74' lang='lat' dir='ltr'>Epicureis</span> <span class='ocrx_word' id='word_1_27' title='bbox 951 808 1147 873; x_wconf 88' lang='lat' dir='ltr'>tribui</span> <span class='ocrx_word' id='word_1_28' title='bbox 1192 830 1318 872; x_wconf 89' lang='lat' dir='ltr'>non</span> <span class='ocrx_word' id='word_1_29' title='bbox 1362 815 1627 894; x_wconf 82' lang='lat' dir='ltr'>possunt</span> <span class='ocrx_word' id='word_1_30' title='bbox 1665 811 1723 892; x_wconf 91' lang='lat'>¹).</span> 
     </span>
    </p>

    <p class='ocr_par' dir='ltr' id='par_1_3' title="bbox 392 921 2853 1367">
     <span class='ocr_line' id='line_1_5' title="bbox 483 921 2851 1013; baseline 0.003 -27"><span class='ocrx_word' id='word_1_31' title='bbox 483 921 676 987; x_wconf 90' lang='lat' dir='ltr'>Haec</span> <span class='ocrx_word' id='word_1_32' title='bbox 744 925 1040 989; x_wconf 79' lang='lat' dir='ltr'><strong>carminis</strong></span> <span class='ocrx_word' id='word_1_33' title='bbox 1095 949 1242 1011; x_wconf 89' lang='lat' dir='ltr'>pars</span> <span class='ocrx_word' id='word_1_34' title='bbox 1260 977 1276 1010; x_wconf 98' lang='lat'>,</span> <span class='ocrx_word' id='word_1_35' title='bbox 1346 949 1510 1013; x_wconf 91' lang='lat' dir='ltr'>quae</span> <span class='ocrx_word' id='word_1_36' title='bbox 1557 926 1636 990; x_wconf 92' lang='lat' dir='ltr'>de</span> <span class='ocrx_word' id='word_1_37' title='bbox 1681 932 1981 1010; x_wconf 84' lang='lat' dir='ltr'>magnete</span> <span class='ocrx_word' id='word_1_38' title='bbox 2028 927 2197 1010; x_wconf 85' lang='lat' dir='ltr'>agit,</span> <span class='ocrx_word' id='word_1_39' title='bbox 2244 948 2390 992; x_wconf 91' lang='lat' dir='ltr'>cum</span> <span class='ocrx_word' id='word_1_40' title='bbox 2434 950 2549 1013; x_wconf 90' lang='lat' dir='ltr'>per</span> <span class='ocrx_word' id='word_1_41' title='bbox 2594 949 2660 993; x_wconf 91' lang='lat' dir='ltr'>se</span> <span class='ocrx_word' id='word_1_42' title='bbox 2707 951 2851 993; x_wconf 90' lang='lat' dir='ltr'>con-</span> 
     </span>
     <span class='ocr_line' id='line_1_6' title="bbox 393 1044 2851 1130; baseline 0.004 -28"><span class='ocrx_word' id='word_1_43' title='bbox 393 1044 526 1102; x_wconf 86' lang='lat' dir='ltr'>stet</span> <span class='ocrx_word' id='word_1_44' title='bbox 573 1061 782 1128; x_wconf 88' lang='lat' dir='ltr'>neque</span> <span class='ocrx_word' id='word_1_45' title='bbox 827 1063 973 1106; x_wconf 88' lang='lat' dir='ltr'>cum</span> <span class='ocrx_word' id='word_1_46' title='bbox 1018 1044 1549 1128; x_wconf 80' lang='lat' dir='ltr'>praecedentibus</span> <span class='ocrx_word' id='word_1_47' title='bbox 1594 1045 1698 1108; x_wconf 91' lang='lat' dir='ltr'>vel</span> <span class='ocrx_word' id='word_1_48' title='bbox 1745 1045 2159 1130; x_wconf 78' lang='lat' dir='ltr'>sequentibus</span> <span class='ocrx_word' id='word_1_49' title='bbox 2189 1046 2480 1110; x_wconf 86' lang='lat' dir='ltr'>versibus</span> <span class='ocrx_word' id='word_1_50' title='bbox 2511 1047 2851 1112; x_wconf 87' lang='lat' dir='ltr'>coniuncta</span> 
     </span>
     <span class='ocr_line' id='line_1_7' title="bbox 393 1151 2853 1249; baseline 0.004 -31"><span class='ocrx_word' id='word_1_51' title='bbox 393 1156 480 1219; x_wconf 89' lang='lat' dir='ltr'>sit</span> <span class='ocrx_word' id='word_1_52' title='bbox 508 1206 526 1240; x_wconf 93' lang='lat'>,</span> <span class='ocrx_word' id='word_1_53' title='bbox 615 1179 777 1243; x_wconf 90' lang='lat' dir='ltr'>quae</span> <span class='ocrx_word' id='word_1_54' title='bbox 845 1181 1013 1224; x_wconf 91' lang='lat' dir='ltr'>nunc</span> <span class='ocrx_word' id='word_1_55' title='bbox 1082 1151 1433 1247; x_wconf 83' lang='lat' dir='ltr'>sequuntur</span> <span class='ocrx_word' id='word_1_56' title='bbox 1495 1183 1580 1225; x_wconf 90' lang='lat' dir='ltr'>ex</span> <span class='ocrx_word' id='word_1_57' title='bbox 1647 1169 1861 1226; x_wconf 91' lang='lat' dir='ltr'>mente</span> <span class='ocrx_word' id='word_1_58' title='bbox 1928 1169 2156 1248; x_wconf 87' lang='lat' dir='ltr'>poetae</span> <span class='ocrx_word' id='word_1_59' title='bbox 2220 1164 2550 1249; x_wconf 83' lang='lat' dir='ltr'>excepisse</span> <span class='ocrx_word' id='word_1_60' title='bbox 2618 1164 2853 1229; x_wconf 90' lang='lat' dir='ltr'>debent</span> 
     </span>
     <span class='ocr_line' id='line_1_8' title="bbox 392 1273 2852 1367; baseline 0.003 -30"><span class='ocrx_word' id='word_1_61' title='bbox 392 1273 616 1338; x_wconf 85' lang='lat' dir='ltr'>locum</span> <span class='ocrx_word' id='word_1_62' title='bbox 698 1275 776 1340; x_wconf 92' lang='lat' dir='ltr'>de</span> <span class='ocrx_word' id='word_1_63' title='bbox 842 1277 1136 1342; x_wconf 77' lang='lat' dir='ltr'>AverniS.</span> <span class='ocrx_word' id='word_1_64' title='bbox 1255 1279 1354 1342; x_wconf 90' lang='lat' dir='ltr'>Ibi</span> <span class='ocrx_word' id='word_1_65' title='bbox 1423 1280 1595 1343; x_wconf 91' lang='lat' dir='ltr'>enim</span> <span class='ocrx_word' id='word_1_66' title='bbox 1663 1279 2003 1343; x_wconf 89' lang='lat' dir='ltr'>Lucretius</span> <span class='ocrx_word' id='word_1_67' title='bbox 2072 1279 2287 1343; x_wconf 89' lang='lat' dir='ltr'>docuit</span> <span class='ocrx_word' id='word_1_68' title='bbox 2354 1301 2491 1344; x_wconf 88' lang='lat' dir='ltr'>esse</span> <span class='ocrx_word' id='word_1_69' title='bbox 2547 1280 2852 1367; x_wconf 90' lang='lat' dir='ltr'>quosdam</span> 
     </span>
    </p>
   </div>
   <div class='ocr_carea' id='block_1_3' title="bbox 289 1393 2853 1484">
    <p class='ocr_par' dir='ltr' id='par_1_4' title="bbox 289 1393 2853 1484">
     <span class='ocr_line' id='line_1_9' title="bbox 289 1393 2853 1484; baseline 0.003 -30"><span class='ocrx_word' id='word_1_70' title='bbox 289 1413 300 1419; x_wconf 89' lang='lat'><strong>·</strong></span> <span class='ocrx_word' id='word_1_71' title='bbox 392 1393 759 1457; x_wconf 88' lang='lat' dir='ltr'>mortiferos</span> <span class='ocrx_word' id='word_1_72' title='bbox 801 1415 1068 1479; x_wconf 87' lang='lat' dir='ltr'>vapores</span> <span class='ocrx_word' id='word_1_73' title='bbox 1113 1417 1148 1459; x_wconf 94' lang='lat' dir='ltr'>e</span> <span class='ocrx_word' id='word_1_74' title='bbox 1195 1402 1366 1460; x_wconf 87' lang='lat' dir='ltr'>terra</span> <span class='ocrx_word' id='word_1_75' title='bbox 1406 1398 1509 1460; x_wconf 88' lang='lat' dir='ltr'>vel</span> <span class='ocrx_word' id='word_1_76' title='bbox 1552 1397 1892 1482; x_wconf 90' lang='lat' dir='ltr'>paludibus</span> <span class='ocrx_word' id='word_1_77' title='bbox 1938 1403 2306 1481; x_wconf 86' lang='lat' dir='ltr'>surgentes,</span> <span class='ocrx_word' id='word_1_78' title='bbox 2377 1399 2486 1484; x_wconf 90' lang='lat' dir='ltr'>qui</span> <span class='ocrx_word' id='word_1_79' title='bbox 2537 1400 2853 1484; x_wconf 87' lang='lat' dir='ltr'>„spatium</span> 
     </span>
    </p>
   </div>
   <div class='ocr_carea' id='block_1_4' title="bbox 395 1511 2853 4427">
    <p class='ocr_par' dir='ltr' id='par_1_5' title="bbox 395 1511 2853 4427">
     <span class='ocr_line' id='line_1_10' title="bbox 395 1511 2852 1598; baseline 0.004 -25"><span class='ocrx_word' id='word_1_80' title='bbox 395 1511 566 1574; x_wconf 87' lang='lat' dir='ltr'>caeli</span> <span class='ocrx_word' id='word_1_81' title='bbox 633 1511 905 1597; x_wconf 90' lang='lat' dir='ltr'>quadam</span> <span class='ocrx_word' id='word_1_82' title='bbox 969 1513 1045 1576; x_wconf 90' lang='lat' dir='ltr'>de</span> <span class='ocrx_word' id='word_1_83' title='bbox 1090 1519 1272 1598; x_wconf 87' lang='lat' dir='ltr'>parte</span> <span class='ocrx_word' id='word_1_84' title='bbox 1317 1514 1722 1598; x_wconf 89' lang='lat' dir='ltr'>venene(n)t&#39;’</span> <span class='ocrx_word' id='word_1_85' title='bbox 1770 1520 1833 1577; x_wconf 93' lang='lat' dir='ltr'>et</span> <span class='ocrx_word' id='word_1_86' title='bbox 1878 1514 2177 1578; x_wconf 88' lang='lat' dir='ltr'>animalia</span> <span class='ocrx_word' id='word_1_87' title='bbox 2221 1522 2469 1579; x_wconf 85' lang='lat' dir='ltr'>necent.</span> <span class='ocrx_word' id='word_1_88' title='bbox 2562 1517 2852 1583; x_wconf 84' lang='lat' dir='ltr'>Similem</span> 
     </span>
     <span class='ocr_line' id='line_1_11' title="bbox 395 1632 2847 1720; baseline 0.002 -26"><span class='ocrx_word' id='word_1_89' title='bbox 395 1652 660 1695; x_wconf 87' lang='lat' dir='ltr'>eausam</span> <span class='ocrx_word' id='word_1_90' title='bbox 704 1632 942 1717; x_wconf 88' lang='lat' dir='ltr'>profert</span> <span class='ocrx_word' id='word_1_91' title='bbox 987 1634 1350 1697; x_wconf 88' lang='lat' dir='ltr'>morborum</span> <span class='ocrx_word' id='word_1_92' title='bbox 1395 1633 1708 1720; x_wconf 89' lang='lat' dir='ltr'>imprimis</span> <span class='ocrx_word' id='word_1_93' title='bbox 1753 1633 2157 1718; x_wconf 85' lang='lat' dir='ltr'>pestilentiae</span> <span class='ocrx_word' id='word_1_94' title='bbox 2206 1635 2323 1716; x_wconf 84' lang='lat' dir='ltr'>(VS.</span> <span class='ocrx_word' id='word_1_95' title='bbox 2378 1635 2847 1713; x_wconf 79' lang='lat'>1090—1137).</span> 
     </span>
     <span class='ocr_line' id='line_1_12' title="bbox 395 1747 2851 1837; baseline 0.003 -27"><span class='ocrx_word' id='word_1_96' title='bbox 395 1747 612 1812; x_wconf 86' lang='lat' dir='ltr'>Multa</span> <span class='ocrx_word' id='word_1_97' title='bbox 676 1756 824 1814; x_wconf 87' lang='lat' dir='ltr'>sunt</span> <span class='ocrx_word' id='word_1_98' title='bbox 887 1749 1232 1834; x_wconf 91' lang='lat' dir='ltr'>primordia</span> <span class='ocrx_word' id='word_1_99' title='bbox 1297 1751 1478 1814; x_wconf 91' lang='lat' dir='ltr'>nobis</span> <span class='ocrx_word' id='word_1_100' title='bbox 1523 1751 1881 1836; x_wconf 85' lang='lat' dir='ltr'>perniciosa</span> <span class='ocrx_word' id='word_1_101' title='bbox 1909 1800 1925 1832; x_wconf 92' lang='lat'>,</span> <span class='ocrx_word' id='word_1_102' title='bbox 1993 1772 2157 1837; x_wconf 91' lang='lat' dir='ltr'>quae</span> <span class='ocrx_word' id='word_1_103' title='bbox 2204 1757 2591 1835; x_wconf 89' lang='lat' dir='ltr'>congregata</span> <span class='ocrx_word' id='word_1_104' title='bbox 2636 1758 2702 1816; x_wconf 94' lang='lat' dir='ltr'>et</span> <span class='ocrx_word' id='word_1_105' title='bbox 2747 1775 2851 1817; x_wconf 88' lang='lat' dir='ltr'>cu-</span> 
     </span>
     <span class='ocr_line' id='line_1_13' title="bbox 395 1867 2850 1955; baseline 0.003 -27"><span class='ocrx_word' id='word_1_106' title='bbox 395 1867 647 1931; x_wconf 88' lang='lat' dir='ltr'>mulata</span> <span class='ocrx_word' id='word_1_107' title='bbox 698 1874 846 1949; x_wconf 83' lang='lat' dir='ltr'>„aut</span> <span class='ocrx_word' id='word_1_108' title='bbox 889 1869 1288 1932; x_wconf 88' lang='lat' dir='ltr'>extrinsecus</span> <span class='ocrx_word' id='word_1_109' title='bbox 1334 1875 1405 1932; x_wconf 93' lang='lat' dir='ltr'>ut</span> <span class='ocrx_word' id='word_1_110' title='bbox 1448 1869 1650 1932; x_wconf 92' lang='lat' dir='ltr'>nubes</span> <span class='ocrx_word' id='word_1_111' title='bbox 1695 1869 2096 1955; x_wconf 90' lang='lat' dir='ltr'>nebulaeque</span> <span class='ocrx_word' id='word_1_112' title='bbox 2142 1890 2413 1954; x_wconf 90' lang='lat' dir='ltr'>superne</span> <span class='ocrx_word' id='word_1_113' title='bbox 2459 1890 2575 1954; x_wconf 91' lang='lat' dir='ltr'>per</span> <span class='ocrx_word' id='word_1_114' title='bbox 2604 1872 2850 1935; x_wconf 89' lang='lat' dir='ltr'>caelum</span> 
     </span>
     <span class='ocr_line' id='line_1_14' title="bbox 395 1985 2851 2071; baseline 0.002 -25"><span class='ocrx_word' id='word_1_115' title='bbox 395 1985 714 2067; x_wconf 90' lang='lat' dir='ltr'>veniunt,</span> <span class='ocrx_word' id='word_1_116' title='bbox 774 1991 884 2048; x_wconf 92' lang='lat' dir='ltr'>aut</span> <span class='ocrx_word' id='word_1_117' title='bbox 942 1985 1082 2070; x_wconf 89' lang='lat' dir='ltr'>ipsa</span> <span class='ocrx_word' id='word_1_118' title='bbox 1127 2006 1316 2070; x_wconf 89' lang='lat' dir='ltr'>saepe</span> <span class='ocrx_word' id='word_1_119' title='bbox 1364 1988 1661 2067; x_wconf 88' lang='lat' dir='ltr'>coorta(e)</span> <span class='ocrx_word' id='word_1_120' title='bbox 1710 1985 1789 2048; x_wconf 91' lang='lat' dir='ltr'>de</span> <span class='ocrx_word' id='word_1_121' title='bbox 1833 1991 2005 2052; x_wconf 86' lang='lat' dir='ltr'>terra</span> <span class='ocrx_word' id='word_1_122' title='bbox 2050 1991 2353 2068; x_wconf 84' lang='lat' dir='ltr'>surgunt,</span> <span class='ocrx_word' id='word_1_123' title='bbox 2400 1986 2511 2049; x_wconf 95' lang='lat' dir='ltr'>ubi</span> <span class='ocrx_word' id='word_1_124' title='bbox 2556 1993 2851 2071; x_wconf 90' lang='lat' dir='ltr'>putorem</span> 
     </span>
     <span class='ocr_line' id='line_1_15' title="bbox 397 2102 2849 2188; baseline 0.002 -24"><span class='ocrx_word' id='word_1_125' title='bbox 397 2102 623 2165; x_wconf 85' lang='lat' dir='ltr'>umida</span> <span class='ocrx_word' id='word_1_126' title='bbox 687 2109 936 2166; x_wconf 88' lang='lat' dir='ltr'>nactast</span> <span class='ocrx_word' id='word_1_127' title='bbox 1003 2103 1470 2188; x_wconf 86' lang='lat' dir='ltr'>intempestivis</span> <span class='ocrx_word' id='word_1_128' title='bbox 1536 2103 1896 2188; x_wconf 87' lang='lat' dir='ltr'>pluviisque</span> <span class='ocrx_word' id='word_1_129' title='bbox 1965 2109 2029 2166; x_wconf 92' lang='lat' dir='ltr'>et</span> <span class='ocrx_word' id='word_1_130' title='bbox 2074 2102 2309 2166; x_wconf 91' lang='lat' dir='ltr'>solibus</span> <span class='ocrx_word' id='word_1_131' title='bbox 2353 2103 2543 2167; x_wconf 89' lang='lat' dir='ltr'>icta”.</span> <span class='ocrx_word' id='word_1_132' title='bbox 2634 2103 2849 2169; x_wconf 83' lang='lat' dir='ltr'>Etiam</span> 
     </span>
     <span class='ocr_line' id='line_1_16' title="bbox 399 2220 2853 2307; baseline 0.001 -25"><span class='ocrx_word' id='word_1_133' title='bbox 399 2241 514 2283; x_wconf 90' lang='lat' dir='ltr'>aer</span> <span class='ocrx_word' id='word_1_134' title='bbox 583 2227 648 2284; x_wconf 91' lang='lat' dir='ltr'>et</span> <span class='ocrx_word' id='word_1_135' title='bbox 714 2242 915 2305; x_wconf 91' lang='lat' dir='ltr'>aquae</span> <span class='ocrx_word' id='word_1_136' title='bbox 950 2269 966 2302; x_wconf 94' lang='lat'>,</span> <span class='ocrx_word' id='word_1_137' title='bbox 1034 2242 1177 2284; x_wconf 90' lang='lat' dir='ltr'>oum</span> <span class='ocrx_word' id='word_1_138' title='bbox 1221 2221 1445 2284; x_wconf 89' lang='lat' dir='ltr'>incolis</span> <span class='ocrx_word' id='word_1_139' title='bbox 1490 2221 1616 2284; x_wconf 91' lang='lat' dir='ltr'>sint</span> <span class='ocrx_word' id='word_1_140' title='bbox 1661 2221 2005 2303; x_wconf 87' lang='lat' dir='ltr'>salutaria,</span> <span class='ocrx_word' id='word_1_141' title='bbox 2071 2220 2426 2305; x_wconf 86' lang='lat' dir='ltr'>peregrinis</span> <span class='ocrx_word' id='word_1_142' title='bbox 2472 2242 2661 2307; x_wconf 89' lang='lat' dir='ltr'>saepe</span> <span class='ocrx_word' id='word_1_143' title='bbox 2706 2229 2853 2285; x_wconf 91' lang='lat' dir='ltr'>sunt</span> 
     </span>
     <span class='ocr_line' id='line_1_17' title="bbox 399 2337 2849 2424; baseline 0.001 -24"><span class='ocrx_word' id='word_1_144' title='bbox 399 2338 797 2421; x_wconf 89' lang='lat' dir='ltr'>perniciosa:</span> <span class='ocrx_word' id='word_1_145' title='bbox 851 2359 1096 2419; x_wconf 86' lang='lat' dir='ltr'>„nonne</span> <span class='ocrx_word' id='word_1_146' title='bbox 1143 2338 1321 2401; x_wconf 84' lang='lat' dir='ltr'>vides</span> <span class='ocrx_word' id='word_1_147' title='bbox 1367 2338 1561 2401; x_wconf 90' lang='lat' dir='ltr'>etiam</span> <span class='ocrx_word' id='word_1_148' title='bbox 1609 2337 1768 2400; x_wconf 85' lang='lat' dir='ltr'>caeli</span> <span class='ocrx_word' id='word_1_149' title='bbox 1797 2337 2083 2400; x_wconf 87' lang='lat' dir='ltr'>novitate</span> <span class='ocrx_word' id='word_1_150' title='bbox 2116 2344 2181 2400; x_wconf 89' lang='lat' dir='ltr'>et</span> <span class='ocrx_word' id='word_1_151' title='bbox 2212 2359 2518 2422; x_wconf 87' lang='lat' dir='ltr'>aquarum</span> <span class='ocrx_word' id='word_1_152' title='bbox 2548 2339 2849 2424; x_wconf 89' lang='lat' dir='ltr'>temptari</span> 
     </span>
     <span class='ocr_line' id='line_1_18' title="bbox 400 2454 2847 2541; baseline 0.002 -25"><span class='ocrx_word' id='word_1_153' title='bbox 400 2455 625 2538; x_wconf 90' lang='lat' dir='ltr'>procul</span> <span class='ocrx_word' id='word_1_154' title='bbox 693 2477 732 2518; x_wconf 87' lang='lat' dir='ltr'>a</span> <span class='ocrx_word' id='word_1_155' title='bbox 797 2455 1007 2540; x_wconf 89' lang='lat' dir='ltr'>patria</span> <span class='ocrx_word' id='word_1_156' title='bbox 1051 2455 1160 2540; x_wconf 91' lang='lat' dir='ltr'>qui</span> <span class='ocrx_word' id='word_1_157' title='bbox 1206 2475 1476 2540; x_wconf 87' lang='lat' dir='ltr'>cumque</span> <span class='ocrx_word' id='word_1_158' title='bbox 1523 2454 1835 2541; x_wconf 91' lang='lat' dir='ltr'>domoque</span> <span class='ocrx_word' id='word_1_159' title='bbox 1881 2454 2228 2518; x_wconf 90' lang='lat' dir='ltr'>adveniunt</span> <span class='ocrx_word' id='word_1_160' title='bbox 2273 2455 2417 2518; x_wconf 93' lang='lat' dir='ltr'>ideo</span> <span class='ocrx_word' id='word_1_161' title='bbox 2463 2456 2613 2541; x_wconf 89' lang='lat' dir='ltr'>quia</span> <span class='ocrx_word' id='word_1_162' title='bbox 2656 2456 2847 2540; x_wconf 87' lang='lat' dir='ltr'>longe</span> 
     </span>
     <span class='ocr_line' id='line_1_19' title="bbox 404 2569 2846 2656; baseline 0.002 -24"><span class='ocrx_word' id='word_1_163' title='bbox 404 2569 822 2655; x_wconf 88' lang='lat' dir='ltr'>discrepitant</span> <span class='ocrx_word' id='word_1_164' title='bbox 894 2593 997 2635; x_wconf 91' lang='lat' dir='ltr'>res</span> <span class='ocrx_word' id='word_1_165' title='bbox 1021 2573 1093 2634; x_wconf 73' lang='lat'>.9”</span> <span class='ocrx_word' id='word_1_166' title='bbox 1169 2573 1281 2652; x_wconf 90' lang='lat' dir='ltr'>(vs.</span> <span class='ocrx_word' id='word_1_167' title='bbox 1350 2573 1511 2635; x_wconf 88' lang='lat'>1103</span> <span class='ocrx_word' id='word_1_168' title='bbox 1577 2572 1791 2656; x_wconf 89' lang='lat' dir='ltr'>seqq.).</span> <span class='ocrx_word' id='word_1_169' title='bbox 1882 2572 1959 2634; x_wconf 91' lang='lat' dir='ltr'>In</span> <span class='ocrx_word' id='word_1_170' title='bbox 2031 2571 2151 2634; x_wconf 90' lang='lat' dir='ltr'>hoc</span> <span class='ocrx_word' id='word_1_171' title='bbox 2196 2570 2637 2656; x_wconf 90' lang='lat' dir='ltr'>phaenomeno</span> <span class='ocrx_word' id='word_1_172' title='bbox 2686 2573 2846 2636; x_wconf 91' lang='lat' dir='ltr'>latet</span> 
     </span>
     <span class='ocr_line' id='line_1_20' title="bbox 401 2688 2841 2774; baseline 0.001 -23"><span class='ocrx_word' id='word_1_173' title='bbox 401 2710 597 2751; x_wconf 88' lang='lat' dir='ltr'>causa</span> <span class='ocrx_word' id='word_1_174' title='bbox 655 2689 1078 2773; x_wconf 87' lang='lat' dir='ltr'>pestilentiae.</span> <span class='ocrx_word' id='word_1_175' title='bbox 1169 2690 1336 2753; x_wconf 90' lang='lat' dir='ltr'>Nam</span> <span class='ocrx_word' id='word_1_176' title='bbox 1381 2689 1646 2774; x_wconf 88' lang='lat' dir='ltr'>proinde</span> <span class='ocrx_word' id='word_1_177' title='bbox 1693 2695 1883 2774; x_wconf 88' lang='lat' dir='ltr'>atque</span> <span class='ocrx_word' id='word_1_178' title='bbox 1924 2688 2213 2752; x_wconf 83' lang='lat' dir='ltr'>homines</span> <span class='ocrx_word' id='word_1_179' title='bbox 2258 2690 2324 2752; x_wconf 91' lang='lat' dir='ltr'>in</span> <span class='ocrx_word' id='word_1_180' title='bbox 2370 2690 2562 2753; x_wconf 88' lang='lat' dir='ltr'>aliam</span> <span class='ocrx_word' id='word_1_181' title='bbox 2607 2696 2841 2754; x_wconf 85' lang='lat' dir='ltr'>terram</span> 
     </span>
     <span class='ocr_line' id='line_1_21' title="bbox 400 2806 2845 2891; baseline 0.002 -24"><span class='ocrx_word' id='word_1_182' title='bbox 400 2806 680 2889; x_wconf 79' lang='lat' dir='ltr'>migrare</span> <span class='ocrx_word' id='word_1_183' title='bbox 748 2812 1052 2891; x_wconf 87' lang='lat' dir='ltr'>possunt,</span> <span class='ocrx_word' id='word_1_184' title='bbox 1122 2828 1232 2870; x_wconf 90' lang='lat' dir='ltr'>aer</span> <span class='ocrx_word' id='word_1_185' title='bbox 1296 2808 1400 2871; x_wconf 90' lang='lat' dir='ltr'>vel</span> <span class='ocrx_word' id='word_1_186' title='bbox 1469 2808 1713 2871; x_wconf 90' lang='lat' dir='ltr'>caelum</span> <span class='ocrx_word' id='word_1_187' title='bbox 1780 2807 1961 2870; x_wconf 85' lang='lat' dir='ltr'>nobis</span> <span class='ocrx_word' id='word_1_188' title='bbox 2020 2806 2443 2891; x_wconf 87' lang='lat' dir='ltr'>perniciosum</span> <span class='ocrx_word' id='word_1_189' title='bbox 2518 2828 2555 2870; x_wconf 92' lang='lat' dir='ltr'>e</span> <span class='ocrx_word' id='word_1_190' title='bbox 2599 2813 2845 2871; x_wconf 88' lang='lat' dir='ltr'>remota</span> 
     </span>
     <span class='ocr_line' id='line_1_22' title="bbox 400 2924 2845 3011; baseline 0.002 -26"><span class='ocrx_word' id='word_1_191' title='bbox 400 2924 666 3006; x_wconf 89' lang='lat' dir='ltr'>regione</span> <span class='ocrx_word' id='word_1_192' title='bbox 733 2924 814 2987; x_wconf 88' lang='lat' dir='ltr'>ad</span> <span class='ocrx_word' id='word_1_193' title='bbox 881 2946 995 2987; x_wconf 90' lang='lat' dir='ltr'>nos</span> <span class='ocrx_word' id='word_1_194' title='bbox 1040 2946 1107 2989; x_wconf 91' lang='lat' dir='ltr'>se</span> <span class='ocrx_word' id='word_1_195' title='bbox 1154 2925 1438 2989; x_wconf 89' lang='lat' dir='ltr'>conferre</span> <span class='ocrx_word' id='word_1_196' title='bbox 1483 2931 1693 3011; x_wconf 89' lang='lat' dir='ltr'>potest</span> <span class='ocrx_word' id='word_1_197' title='bbox 1745 2931 1810 2988; x_wconf 93' lang='lat' dir='ltr'>et</span> <span class='ocrx_word' id='word_1_198' title='bbox 1856 2946 2068 2989; x_wconf 91' lang='lat' dir='ltr'>aerem</span> <span class='ocrx_word' id='word_1_199' title='bbox 2114 2931 2397 2989; x_wconf 88' lang='lat' dir='ltr'>nostrum</span> <span class='ocrx_word' id='word_1_200' title='bbox 2443 2947 2845 3011; x_wconf 89' lang='lat' dir='ltr'>corrumpere</span> 
     </span>
     <span class='ocr_line' id='line_1_23' title="bbox 402 3042 2846 3127; baseline 0 -22"><span class='ocrx_word' id='word_1_201' title='bbox 402 3047 518 3105; x_wconf 88' lang='lat' dir='ltr'>aut</span> <span class='ocrx_word' id='word_1_202' title='bbox 575 3042 641 3103; x_wconf 94' lang='lat' dir='ltr'>in</span> <span class='ocrx_word' id='word_1_203' title='bbox 687 3063 882 3127; x_wconf 88' lang='lat' dir='ltr'>aquas</span> <span class='ocrx_word' id='word_1_204' title='bbox 927 3048 992 3106; x_wconf 92' lang='lat' dir='ltr'>et</span> <span class='ocrx_word' id='word_1_205' title='bbox 1036 3042 1252 3125; x_wconf 88' lang='lat' dir='ltr'>fruges</span> <span class='ocrx_word' id='word_1_206' title='bbox 1297 3042 1558 3107; x_wconf 82' lang='lat' dir='ltr'>cadere:</span> <span class='ocrx_word' id='word_1_207' title='bbox 1627 3043 1845 3127; x_wconf 88' lang='lat' dir='ltr'>itaque</span> <span class='ocrx_word' id='word_1_208' title='bbox 1889 3048 2153 3127; x_wconf 89' lang='lat' dir='ltr'>possunt</span> <span class='ocrx_word' id='word_1_209' title='bbox 2197 3042 2559 3105; x_wconf 89' lang='lat' dir='ltr'>morborum</span> <span class='ocrx_word' id='word_1_210' title='bbox 2604 3042 2846 3105; x_wconf 87' lang='lat' dir='ltr'>semina</span> 
     </span>
     <span class='ocr_line' id='line_1_24' title="bbox 401 3156 2845 3244; baseline 0.001 -25"><span class='ocrx_word' id='word_1_211' title='bbox 401 3156 472 3221; x_wconf 90' lang='lat' dir='ltr'>in</span> <span class='ocrx_word' id='word_1_212' title='bbox 521 3178 784 3242; x_wconf 89' lang='lat' dir='ltr'>corpora</span> <span class='ocrx_word' id='word_1_213' title='bbox 828 3165 1043 3222; x_wconf 87' lang='lat' dir='ltr'>nostra</span> <span class='ocrx_word' id='word_1_214' title='bbox 1085 3160 1344 3223; x_wconf 88' lang='lat' dir='ltr'>intrare.</span> <span class='ocrx_word' id='word_1_215' title='bbox 1393 3198 1474 3205; x_wconf 88' lang='grc'><strong>-</strong></span> <span class='ocrx_word' id='word_1_216' title='bbox 1521 3159 1709 3222; x_wconf 88' lang='lat' dir='ltr'>Hanc</span> <span class='ocrx_word' id='word_1_217' title='bbox 1753 3164 2003 3244; x_wconf 89' lang='lat' dir='ltr'>partem</span> <span class='ocrx_word' id='word_1_218' title='bbox 2049 3157 2321 3243; x_wconf 90' lang='lat' dir='ltr'>denique</span> <span class='ocrx_word' id='word_1_219' title='bbox 2351 3157 2626 3221; x_wconf 88' lang='lat' dir='ltr'>illustrat</span> <span class='ocrx_word' id='word_1_220' title='bbox 2656 3165 2721 3222; x_wconf 85' lang='lat' dir='ltr'>et</span> <span class='ocrx_word' id='word_1_221' title='bbox 2751 3165 2845 3223; x_wconf 91' lang='lat' dir='ltr'>to-</span> 
     </span>
     <span class='ocr_line' id='line_1_25' title="bbox 402 3275 2835 3361; baseline 0.001 -24"><span class='ocrx_word' id='word_1_222' title='bbox 402 3279 542 3337; x_wconf 84' lang='lat' dir='ltr'>tum</span> <span class='ocrx_word' id='word_1_223' title='bbox 561 3296 718 3359; x_wconf 89' lang='lat' dir='ltr'>opus</span> <span class='ocrx_word' id='word_1_224' title='bbox 735 3275 1054 3339; x_wconf 87' lang='lat' dir='ltr'>concludit</span> <span class='ocrx_word' id='word_1_225' title='bbox 1075 3282 1265 3361; x_wconf 89' lang='lat' dir='ltr'>poeta</span> <span class='ocrx_word' id='word_1_226' title='bbox 1281 3278 1502 3361; x_wconf 88' lang='lat' dir='ltr'>pulcra</span> <span class='ocrx_word' id='word_1_227' title='bbox 1519 3283 1585 3341; x_wconf 87' lang='lat' dir='ltr'>et</span> <span class='ocrx_word' id='word_1_228' title='bbox 1602 3278 1771 3341; x_wconf 85' lang='lat' dir='ltr'>elata</span> <span class='ocrx_word' id='word_1_229' title='bbox 1787 3276 2207 3361; x_wconf 89' lang='lat' dir='ltr'>descriptione</span> <span class='ocrx_word' id='word_1_230' title='bbox 2223 3275 2646 3360; x_wconf 83' lang='lat' dir='ltr'>pestilentiae,</span> <span class='ocrx_word' id='word_1_231' title='bbox 2673 3296 2835 3361; x_wconf 87' lang='lat' dir='ltr'>quae</span> 
     </span>
     <span class='ocr_line' id='line_1_26' title="bbox 403 3392 2841 3479; baseline 0 -25"><span class='ocrx_word' id='word_1_232' title='bbox 403 3392 720 3477; x_wconf 89' lang='lat' dir='ltr'>quondam</span> <span class='ocrx_word' id='word_1_233' title='bbox 793 3392 1060 3473; x_wconf 86' lang='lat' dir='ltr'>„finibus</span> <span class='ocrx_word' id='word_1_234' title='bbox 1104 3394 1174 3456; x_wconf 93' lang='lat' dir='ltr'>in</span> <span class='ocrx_word' id='word_1_235' title='bbox 1220 3394 1518 3479; x_wconf 81' lang='lat' dir='ltr'>Cecropis</span> <span class='ocrx_word' id='word_1_236' title='bbox 1562 3393 1845 3457; x_wconf 87' lang='lat' dir='ltr'>funestos</span> <span class='ocrx_word' id='word_1_237' title='bbox 1889 3392 2167 3456; x_wconf 89' lang='lat' dir='ltr'>reddidit</span> <span class='ocrx_word' id='word_1_238' title='bbox 2210 3412 2395 3475; x_wconf 86' lang='lat' dir='ltr'>agros</span> <span class='ocrx_word' id='word_1_239' title='bbox 2439 3392 2841 3478; x_wconf 82' lang='lat' dir='ltr'>vastavitque</span> 
     </span>
     <span class='ocr_line' id='line_1_27' title="bbox 401 3508 2844 3594; baseline 0 -23"><span class='ocrx_word' id='word_1_240' title='bbox 401 3509 542 3572; x_wconf 86' lang='lat' dir='ltr'>vias</span> <span class='ocrx_word' id='word_1_241' title='bbox 560 3558 576 3591; x_wconf 96' lang='lat'>,</span> <span class='ocrx_word' id='word_1_242' title='bbox 646 3508 941 3572; x_wconf 83' lang='lat' dir='ltr'>exhausit</span> <span class='ocrx_word' id='word_1_243' title='bbox 1008 3510 1254 3573; x_wconf 89' lang='lat' dir='ltr'>civibus</span> <span class='ocrx_word' id='word_1_244' title='bbox 1318 3511 1606 3575; x_wconf 89' lang='lat' dir='ltr'>urbem&#39;’.</span> <span class='ocrx_word' id='word_1_245' title='bbox 1696 3510 1880 3574; x_wconf 89' lang='lat' dir='ltr'>Haec</span> <span class='ocrx_word' id='word_1_246' title='bbox 1937 3508 2279 3594; x_wconf 87' lang='lat' dir='ltr'>descriptio</span> <span class='ocrx_word' id='word_1_247' title='bbox 2326 3530 2470 3572; x_wconf 91' lang='lat' dir='ltr'>cum</span> <span class='ocrx_word' id='word_1_248' title='bbox 2515 3510 2580 3571; x_wconf 91' lang='lat' dir='ltr'>in</span> <span class='ocrx_word' id='word_1_249' title='bbox 2624 3509 2844 3573; x_wconf 87' lang='lat' dir='ltr'>multis</span> 
     </span>
     <span class='ocr_line' id='line_1_28' title="bbox 403 3625 2843 3711; baseline 0 -22"><span class='ocrx_word' id='word_1_250' title='bbox 403 3632 712 3709; x_wconf 89' lang='lat' dir='ltr'>congruat</span> <span class='ocrx_word' id='word_1_251' title='bbox 742 3648 885 3690; x_wconf 89' lang='lat' dir='ltr'>cum</span> <span class='ocrx_word' id='word_1_252' title='bbox 919 3626 1309 3711; x_wconf 82' lang='lat' dir='ltr'>Thucydidis</span> <span class='ocrx_word' id='word_1_253' title='bbox 1331 3628 1690 3691; x_wconf 89' lang='lat' dir='ltr'>narratione</span> <span class='ocrx_word' id='word_1_254' title='bbox 1723 3628 1794 3690; x_wconf 93' lang='lat' dir='ltr'>II</span> <span class='ocrx_word' id='word_1_255' title='bbox 1819 3676 1835 3709; x_wconf 98' lang='lat'>,</span> <span class='ocrx_word' id='word_1_256' title='bbox 1862 3628 2147 3708; x_wconf 80' lang='lat'>47—54,</span> <span class='ocrx_word' id='word_1_257' title='bbox 2179 3647 2307 3689; x_wconf 90' lang='lat' dir='ltr'>non</span> <span class='ocrx_word' id='word_1_258' title='bbox 2337 3625 2569 3688; x_wconf 90' lang='lat' dir='ltr'>mirum</span> <span class='ocrx_word' id='word_1_259' title='bbox 2594 3630 2690 3688; x_wconf 90' lang='lat' dir='ltr'>est</span> <span class='ocrx_word' id='word_1_260' title='bbox 2711 3626 2843 3710; x_wconf 93' lang='lat' dir='ltr'>ple-</span> 
     </span>
     <span class='ocr_line' id='line_1_29' title="bbox 403 3743 2839 3831; baseline 0 -24"><span class='ocrx_word' id='word_1_261' title='bbox 403 3766 630 3829; x_wconf 90' lang='lat' dir='ltr'>rosque</span> <span class='ocrx_word' id='word_1_262' title='bbox 677 3766 933 3809; x_wconf 89' lang='lat' dir='ltr'>censere</span> <span class='ocrx_word' id='word_1_263' title='bbox 979 3746 1350 3809; x_wconf 88' lang='lat' dir='ltr'>Lucretium</span> <span class='ocrx_word' id='word_1_264' title='bbox 1395 3745 1559 3809; x_wconf 91' lang='lat' dir='ltr'>hanc</span> <span class='ocrx_word' id='word_1_265' title='bbox 1605 3752 1855 3831; x_wconf 92' lang='lat' dir='ltr'>partem</span> <span class='ocrx_word' id='word_1_266' title='bbox 1899 3766 1936 3808; x_wconf 90' lang='lat' dir='ltr'>e</span> <span class='ocrx_word' id='word_1_267' title='bbox 1970 3744 2171 3808; x_wconf 86' lang='lat' dir='ltr'>Thuc.</span> <span class='ocrx_word' id='word_1_268' title='bbox 2206 3744 2454 3829; x_wconf 87' lang='lat' dir='ltr'>scriptis</span> <span class='ocrx_word' id='word_1_269' title='bbox 2484 3743 2839 3826; x_wconf 89' lang='lat' dir='ltr'>addidisse,</span> 
     </span>
     <span class='ocr_line' id='line_1_30' title="bbox 405 3860 2841 3948; baseline 0 -24"><span class='ocrx_word' id='word_1_270' title='bbox 405 3867 480 3924; x_wconf 92' lang='lat' dir='ltr'>ut</span> <span class='ocrx_word' id='word_1_271' title='bbox 543 3867 748 3925; x_wconf 84' lang='lat' dir='ltr'>totum</span> <span class='ocrx_word' id='word_1_272' title='bbox 811 3883 968 3947; x_wconf 91' lang='lat' dir='ltr'>opus</span> <span class='ocrx_word' id='word_1_273' title='bbox 1027 3863 1207 3948; x_wconf 90' lang='lat' dir='ltr'>quasi</span> <span class='ocrx_word' id='word_1_274' title='bbox 1253 3868 1601 3927; x_wconf 88' lang='lat' dir='ltr'>coronaret.</span> <span class='ocrx_word' id='word_1_275' title='bbox 1694 3862 1927 3925; x_wconf 84' lang='lat' dir='ltr'>Omnia</span> <span class='ocrx_word' id='word_1_276' title='bbox 1970 3865 2273 3946; x_wconf 88' lang='lat' dir='ltr'>reputans</span> <span class='ocrx_word' id='word_1_277' title='bbox 2318 3866 2533 3924; x_wconf 89' lang='lat' dir='ltr'>tamen</span> <span class='ocrx_word' id='word_1_278' title='bbox 2578 3860 2841 3924; x_wconf 90' lang='lat' dir='ltr'>addubi-</span> 
     </span>
     <span class='ocr_line' id='line_1_31' title="bbox 405 3979 2839 4065; baseline -0.001 -22"><span class='ocrx_word' id='word_1_279' title='bbox 405 3986 540 4043; x_wconf 88' lang='lat' dir='ltr'>tare</span> <span class='ocrx_word' id='word_1_280' title='bbox 587 3980 809 4063; x_wconf 89' lang='lat' dir='ltr'>ausim,</span> <span class='ocrx_word' id='word_1_281' title='bbox 855 4002 1009 4044; x_wconf 90' lang='lat' dir='ltr'>num</span> <span class='ocrx_word' id='word_1_282' title='bbox 1054 3980 1192 4065; x_wconf 92' lang='lat' dir='ltr'>ipse</span> <span class='ocrx_word' id='word_1_283' title='bbox 1239 3986 1428 4065; x_wconf 89' lang='lat' dir='ltr'>poeta</span> <span class='ocrx_word' id='word_1_284' title='bbox 1474 3979 1867 4065; x_wconf 82' lang='lat' dir='ltr'>Thucydidis</span> <span class='ocrx_word' id='word_1_285' title='bbox 1914 4001 2072 4065; x_wconf 90' lang='lat' dir='ltr'>opus</span> <span class='ocrx_word' id='word_1_286' title='bbox 2117 3979 2490 4065; x_wconf 82' lang='lat' dir='ltr'>inspexerit.</span> <span class='ocrx_word' id='word_1_287' title='bbox 2580 3979 2658 4041; x_wconf 92' lang='lat' dir='ltr'>In</span> <span class='ocrx_word' id='word_1_288' title='bbox 2705 3983 2839 4042; x_wconf 90' lang='lat' dir='ltr'>toto</span> 
     </span>
     <span class='ocr_line' id='line_1_32' title="bbox 407 4074 2839 4181; baseline -0.001 -20"><span class='ocrx_word' id='word_1_289' title='bbox 407 4098 682 4161; x_wconf 89' lang='lat' dir='ltr'>carmine</span> <span class='ocrx_word' id='word_1_290' title='bbox 729 4102 970 4161; x_wconf 87' lang='lat' dir='ltr'>tantam</span> <span class='ocrx_word' id='word_1_291' title='bbox 1015 4103 1262 4181; x_wconf 90' lang='lat' dir='ltr'>partem</span> <span class='ocrx_word' id='word_1_292' title='bbox 1307 4074 1668 4159; x_wconf 87' lang='lat' dir='ltr'>invenimus</span> <span class='ocrx_word' id='word_1_293' title='bbox 1713 4097 1989 4178; x_wconf 90' lang='lat' dir='ltr'>nullam,</span> <span class='ocrx_word' id='word_1_294' title='bbox 2038 4117 2229 4181; x_wconf 92' lang='lat' dir='ltr'>quam</span> <span class='ocrx_word' id='word_1_295' title='bbox 2272 4117 2401 4158; x_wconf 89' lang='lat' dir='ltr'>non</span> <span class='ocrx_word' id='word_1_296' title='bbox 2446 4117 2530 4159; x_wconf 89' lang='lat' dir='ltr'>ex</span> <span class='ocrx_word' id='word_1_297' title='bbox 2562 4084 2839 4181; x_wconf 89' lang='lat' dir='ltr'>Epicuro</span> 
     </span>
     <span class='ocr_line' id='line_1_33' title="bbox 407 4212 2841 4299; baseline -0 -22"><span class='ocrx_word' id='word_1_298' title='bbox 407 4214 746 4299; x_wconf 88' lang='lat' dir='ltr'>sumpserit</span> <span class='ocrx_word' id='word_1_299' title='bbox 810 4221 1018 4298; x_wconf 89' lang='lat' dir='ltr'>poeta.</span> <span class='ocrx_word' id='word_1_300' title='bbox 1109 4214 1280 4297; x_wconf 87' lang='lat' dir='ltr'>Ergo</span> <span class='ocrx_word' id='word_1_301' title='bbox 1346 4214 1468 4277; x_wconf 84' lang='lat' dir='ltr'>nisi</span> <span class='ocrx_word' id='word_1_302' title='bbox 1531 4214 1728 4277; x_wconf 86' lang='lat' dir='ltr'>firmis</span> <span class='ocrx_word' id='word_1_303' title='bbox 1782 4213 2173 4297; x_wconf 85' lang='lat' dir='ltr'>argumentis</span> <span class='ocrx_word' id='word_1_304' title='bbox 2221 4212 2533 4276; x_wconf 87' lang='lat' dir='ltr'>vincimur</span> <span class='ocrx_word' id='word_1_305' title='bbox 2557 4262 2573 4295; x_wconf 96' lang='lat'>,</span> <span class='ocrx_word' id='word_1_306' title='bbox 2620 4233 2841 4276; x_wconf 92' lang='lat' dir='ltr'>conce-</span> 
     </span>
     <span class='ocr_line' id='line_1_34' title="bbox 409 4329 2835 4427; baseline -0.001 -32"><span class='ocrx_word' id='word_1_307' title='bbox 409 4332 556 4397; x_wconf 89' lang='lat' dir='ltr'>dere</span> <span class='ocrx_word' id='word_1_308' title='bbox 624 4354 751 4397; x_wconf 90' lang='lat' dir='ltr'>non</span> <span class='ocrx_word' id='word_1_309' title='bbox 815 4353 1147 4418; x_wconf 89' lang='lat' dir='ltr'>possumus</span> <span class='ocrx_word' id='word_1_310' title='bbox 1211 4352 1358 4395; x_wconf 88' lang='lat' dir='ltr'>eum</span> <span class='ocrx_word' id='word_1_311' title='bbox 1423 4330 1528 4396; x_wconf 73' lang='lat' dir='ltr'>hic</span> <span class='ocrx_word' id='word_1_312' title='bbox 1589 4353 1628 4395; x_wconf 89' lang='lat' dir='ltr'>a</span> <span class='ocrx_word' id='word_1_313' title='bbox 1686 4332 1935 4415; x_wconf 85' lang='lat' dir='ltr'>vulgari</span> <span class='ocrx_word' id='word_1_314' title='bbox 2004 4352 2117 4395; x_wconf 89' lang='lat' dir='ltr'>sua</span> <span class='ocrx_word' id='word_1_315' title='bbox 2181 4332 2427 4395; x_wconf 90' lang='lat' dir='ltr'>ratione</span> <span class='ocrx_word' id='word_1_316' title='bbox 2492 4329 2835 4427; x_wconf 82' lang='lat' dir='ltr'>aberrasse.</span> 
     </span>
    </p>
   </div>
   <div class='ocr_carea' id='block_1_5' title="bbox 2226 4450 2967 4684">
    <p class='ocr_par' dir='ltr' id='par_1_6' title="bbox 2226 4450 2967 4684">
     <span class='ocr_line' id='line_1_35' title="bbox 2354 4450 2687 4470; baseline 0.012 -6"><span class='ocrx_word' id='word_1_317' title='bbox 2354 4454 2370 4464; x_wconf 65' lang='lat' dir='ltr'><em>a</em></span> <span class='ocrx_word' id='word_1_318' title='bbox 2421 4464 2439 4469; x_wconf 23' lang='grc' dir='ltr'>,γ</span> <span class='ocrx_word' id='word_1_319' title='bbox 2461 4455 2477 4463; x_wconf 61' lang='lat' dir='ltr'><em>r</em></span> <span class='ocrx_word' id='word_1_320' title='bbox 2506 4450 2531 4463; x_wconf 71' lang='lat'>⁴*</span> <span class='ocrx_word' id='word_1_321' title='bbox 2570 4466 2575 4470; x_wconf 70' lang='lat'>.</span> <span class='ocrx_word' id='word_1_322' title='bbox 2683 4457 2687 4468; x_wconf 75' lang='lat' dir='ltr'>v</span> 
     </span>
     <span class='ocr_line' id='line_1_36' title="bbox 2277 4466 2770 4511; baseline 0 -18"><span class='ocrx_word' id='word_1_323' title='bbox 2277 4484 2304 4504; x_wconf 44' lang='grc' dir='ltr'>ν,</span> <span class='ocrx_word' id='word_1_324' title='bbox 2336 4466 2345 4472; x_wconf 78' lang='grc'><em>·</em></span> <span class='ocrx_word' id='word_1_325' title='bbox 2372 4467 2581 4511; x_wconf 55' lang='grc' dir='ltr'>ς·ῑ,ῑ;.“,·ῑ..</span> <span class='ocrx_word' id='word_1_326' title='bbox 2641 4472 2710 4498; x_wconf 65' lang='lat'>11»</span> <span class='ocrx_word' id='word_1_327' title='bbox 2760 4482 2770 4490; x_wconf 78' lang='lat'><em>‹</em></span> 
     </span>
     <span class='ocr_line' id='line_1_37' title="bbox 2232 4507 2718 4560; baseline 0.004 -2"><span class='ocrx_word' id='word_1_328' title='bbox 2232 4514 2259 4558; x_wconf 62' lang='lat' dir='ltr'><em>f</em></span> <span class='ocrx_word' id='word_1_329' title='bbox 2407 4507 2414 4513; x_wconf 59' lang='lat'><em>&#39;</em></span> <span class='ocrx_word' id='word_1_330' title='bbox 2559 4522 2611 4552; x_wconf 52' lang='grc' dir='ltr'>Οἱ</span> <span class='ocrx_word' id='word_1_331' title='bbox 2635 4523 2718 4560; x_wconf 57' lang='lat'>7²25</span> 
     </span>
     <span class='ocr_line' id='line_1_38' title="bbox 2226 4557 2724 4611; baseline -0.002 -27"><span class='ocrx_word' id='word_1_332' title='bbox 2226 4565 2236 4611; x_wconf 50' lang='grc' dir='ltr'>ι</span> <span class='ocrx_word' id='word_1_333' title='bbox 2271 4561 2334 4591; x_wconf 49' lang='lat'>⁸1⁸*</span> <span class='ocrx_word' id='word_1_334' title='bbox 2365 4567 2403 4587; x_wconf 49' lang='grc' dir='ltr'>’ξπ-</span> <span class='ocrx_word' id='word_1_335' title='bbox 2461 4572 2484 4597; x_wconf 65' lang='grc' dir='ltr'><strong><em>Γ</em></strong></span> <span class='ocrx_word' id='word_1_336' title='bbox 2507 4572 2552 4595; x_wconf 48' lang='grc' dir='ltr'>η·</span> <span class='ocrx_word' id='word_1_337' title='bbox 2596 4557 2724 4593; x_wconf 39' lang='lat'>·-&gt;..,-</span> 
     </span>
     <span class='ocr_line' id='line_1_39' title="bbox 2232 4584 2967 4684; baseline -0.037 -21"><span class='ocrx_word' id='word_1_338' title='bbox 2232 4584 2330 4684; x_wconf 31' lang='lat'>&amp;⁸⁶³</span> <span class='ocrx_word' id='word_1_339' title='bbox 2360 4592 2417 4620; x_wconf 38' lang='lat' dir='ltr'>‘a‘</span> <span class='ocrx_word' id='word_1_340' title='bbox 2450 4615 2478 4623; x_wconf 71' lang='lat'>··-</span> <span class='ocrx_word' id='word_1_341' title='bbox 2597 4585 2640 4628; x_wconf 58' lang='lat'>{12</span> <span class='ocrx_word' id='word_1_342' title='bbox 2684 4589 2772 4636; x_wconf 21' lang='lat'>⁴⁷5·</span> <span class='ocrx_word' id='word_1_343' title='bbox 2806 4593 2816 4599; x_wconf 73' lang='lat'>.</span> <span class='ocrx_word' id='word_1_344' title='bbox 2848 4596 2855 4605; x_wconf 74' lang='grc'><strong><em>’</em></strong></span> <span class='ocrx_word' id='word_1_345' title='bbox 2885 4599 2892 4608; x_wconf 94' lang='grc'>’</span> <span class='ocrx_word' id='word_1_346' title='bbox 2964 4600 2967 4607; x_wconf 85' lang='grc'><strong>“</strong></span> 
     </span>
    </p>
   </div>
   <div class='ocr_carea' id='block_1_6' title="bbox 477 4662 2973 4776">
    <p class='ocr_par' dir='ltr' id='par_1_7' title="bbox 477 4662 2973 4776">
     <span class='ocr_line' id='line_1_40' title="bbox 477 4662 2973 4776; baseline -0.002 -15"><span class='ocrx_word' id='word_1_347' title='bbox 477 4711 512 4776; x_wconf 86' lang='lat'>¹)</span> <span class='ocrx_word' id='word_1_348' title='bbox 582 4710 654 4761; x_wconf 81' lang='lat' dir='ltr'>Ut</span> <span class='ocrx_word' id='word_1_349' title='bbox 685 4712 876 4776; x_wconf 81' lang='lat' dir='ltr'>Langio</span> <span class='ocrx_word' id='word_1_350' title='bbox 904 4712 1093 4775; x_wconf 80' lang='lat' dir='ltr'>placuit</span> <span class='ocrx_word' id='word_1_351' title='bbox 1125 4712 1178 4760; x_wconf 91' lang='lat' dir='ltr'>in</span> <span class='ocrx_word' id='word_1_352' title='bbox 1211 4710 1386 4761; x_wconf 85' lang='lat' dir='ltr'>Gesch.</span> <span class='ocrx_word' id='word_1_353' title='bbox 1422 4712 1508 4761; x_wconf 87' lang='lat' dir='ltr'>des</span> <span class='ocrx_word' id='word_1_354' title='bbox 1541 4708 1789 4759; x_wconf 77' lang='lat' dir='ltr'>Material.</span> <span class='ocrx_word' id='word_1_355' title='bbox 1826 4708 1885 4769; x_wconf 91' lang='grc' dir='ltr'>Ι,</span> <span class='ocrx_word' id='word_1_356' title='bbox 1917 4724 2031 4772; x_wconf 81' lang='lat' dir='ltr'>pag.</span> <span class='ocrx_word' id='word_1_357' title='bbox 2072 4711 2178 4757; x_wconf 90' lang='lat'>120.</span> <span class='ocrx_word' id='word_1_358' title='bbox 2293 4662 2828 4769; x_wconf 36' lang='lat' dir='ltr'>&#39;‘xffmfflssbflgfflff</span> <span class='ocrx_word' id='word_1_359' title='bbox 2878 4750 2884 4756; x_wconf 89' lang='lat'>.</span> <span class='ocrx_word' id='word_1_360' title='bbox 2921 4704 2973 4737; x_wconf 58' lang='lat'>‘²&#39;</span> 
     </span>
    </p>
   </div>
   <div class='ocr_carea' id='block_1_7' title="bbox 413 4574 800 4583">
    <p class='ocr_par' dir='ltr' id='par_1_8' title="bbox 413 4574 800 4583">
     <span class='ocr_line' id='line_1_41' title="bbox 413 4574 800 4583; baseline 0 0"><span class='ocrx_word' id='word_1_361' title='bbox 413 4574 800 4583; x_wconf 95' lang='lat' dir='ltr'> </span> 
     </span>
    </p>
   </div>
  </div>
 </body>
</html>
