3529 5359
1814 392 1895 454 74

631 615 794 680 quae
862 616 1028 659 nunc
1097 594 1165 658 in
1208 599 1423 658 nostro
1469 593 1831 658 dominatur
1892 615 2153 680 corpore
2208 600 2362 659 nata
2407 614 2492 659 ex
2536 593 2687 677 illa,
2735 615 2897 680 quae
2943 599 3083 658 tum

630 710 822 795 periit
865 711 1100 796 partita
1143 732 1259 797 per
1305 711 1520 775 artus”
1556 707 1618 794 ¹).
1710 711 2049 775 Lucretius
2093 709 2293 794 igitur
2338 731 2373 774 e
2420 731 2534 774 sua
2564 710 2764 795 ipsius
2796 709 3084 774 doctrina

630 826 734 891 hic
779 828 1018 914 profert
1071 834 1481 912 argumenta,
1530 828 1759 915 quibus
1804 825 2197 893 adversarios
2242 829 2599 914 impugnet,
2625 849 2753 892 non
2778 833 3083 914 reputans

632 965 740 1010 eos
785 947 996 1011 animo
1041 947 1437 1012 materialem
1483 952 1778 1012 naturam
1824 947 2207 1011 abiudicare.
2277 947 2477 1012 Porro
2509 948 2562 1011 si
2592 947 2689 1011 illi
2720 945 3084 1032 philosophi

633 1070 895 1128 censent
956 1064 1238 1128 animum
1291 1064 1358 1127 in
1406 1085 1633 1150 corpus
1677 1086 1915 1129 novum
1960 1067 2305 1130 intrantem
2353 1065 2641 1130 oblivisci
2686 1085 2849 1152 quae
2894 1071 3087 1130 antea

630 1178 693 1243 ei
736 1181 1122 1266 contigerint
1145 1181 1232 1264 ²),
1295 1181 1417 1246 hoc
1463 1183 1726 1267 paulum
1772 1181 1952 1247 abest
1996 1205 2036 1246 a
2078 1189 2283 1247 morte
2304 1233 2320 1266 ,
2368 1204 2513 1247 cum
2558 1182 2650 1247 ita
2692 1183 2928 1246 mentis
2972 1203 3085 1245 na-

629 1300 775 1359 tura
818 1274 1101 1360 mutetur
1126 1293 1191 1380 ³).
1267 1295 1600 1383 „Denique
1646 1297 1919 1362 conubia
1963 1297 2045 1360 ad
2090 1298 2367 1362 Veneris
2413 1303 2759 1384 partusque
2804 1297 3085 1362 ferarum

631 1431 770 1475 esse
817 1413 1060 1476 animas
1097 1419 1349 1498 praesto
1397 1413 1819 1478 deridiculum
1866 1435 2003 1479 esse
2048 1415 2305 1480 videtur
2330 1465 2346 1498 ,
2404 1421 2779 1501 exspectare
2824 1414 3085 1478 immor-

626 1529 773 1593 talis
837 1529 1131 1594 mortalia
1173 1531 1458 1595 membra
1502 1532 1835 1595 innumero
1879 1551 2184 1614 numer0,
2254 1537 2632 1617 certareque
2695 1551 3079 1616 praeprope-

628 1653 845 1712 ranter
909 1648 1078 1712 inter
1123 1669 1190 1712 se
1234 1669 1396 1734 quae
1452 1651 1657 1735 prima
1700 1648 2153 1736 potissimaque
2198 1650 2591 1733 insinuetur3
2640 1649 2693 1712 si
2738 1671 2866 1712 non
2911 1648 3077 1712 forte

630 1764 724 1829 ita
767 1771 915 1829 sunt
959 1765 1315 1830 animarum
1359 1767 1618 1833 foedera
1660 1773 1889 1853 pacta,
1938 1774 2009 1831 ut
2055 1787 2217 1854 quae
2262 1767 2469 1854 prima
2499 1767 2721 1831 volans
2751 1765 3086 1830 advenerit

630 1880 988 1946 insinuetur
1054 1883 1261 1968 prima
1285 1933 1302 1967 ,
1369 1906 1577 1971 neque
1644 1885 1816 1949 inter
1881 1905 1948 1948 se
1995 1885 2380 1949 contendant
2438 1885 2685 1949 viribus
2730 1883 2974 1948 hilum”
3006 1885 3082 1966 4).

632 1997 834 2062 Hisce
890 1999 1118 2063 iocosis
1163 2001 1485 2085 versibus,
1556 2023 1714 2088 quos
1757 2003 2058 2067 Lucretio
2103 2003 2227 2089 ipsi
2271 2002 2641 2066 tribuendos
2686 2023 2823 2066 esse
2868 2021 3085 2066 cense-

631 2136 816 2198 muS,
889 2136 1108 2180 eorum
1181 2117 1404 2182 irridet
1471 2119 1837 2204 opinionem
1864 2169 1881 2202 ,
1937 2119 2057 2206 ⁴qui
2124 2120 2369 2184 animos
2415 2126 2563 2184 ante
2608 2120 2819 2206 ipsum
2862 2123 3085 2182 natum

632 2253 862 2317 corpus
906 2233 1034 2296 iam
1079 2241 1331 2319 praesto
1378 2257 1516 2300 esse
1561 2237 1726 2318 rati,
1776 2257 2094 2322 quamque
2140 2237 2417 2301 animam
2464 2258 2649 2300 suum
2696 2235 2816 2300 sibi
2855 2257 3085 2322 corpus

632 2350 872 2436 eligere
935 2357 1001 2415 et
1045 2353 1226 2439 quasi
1289 2353 1583 2417 fabricari
1629 2353 1976 2419 censebant
2006 2351 2078 2436 5).
2168 2353 2340 2419 Illud
2384 2354 2655 2419 afferens
2700 2354 3084 2440 phaenome-

629 2489 760 2532 non
830 2467 908 2532 de
974 2469 1302 2546 vermibus
1364 2491 1399 2534 e
1469 2476 1744 2536 stercore
1790 2477 1856 2536 et
1902 2471 2269 2557 corporibus
2312 2452 2583 2559 putridis
2626 2471 3033 2536 nascentibus
3061 2521 3081 2555 ‚

632 2584 712 2648 de
779 2606 903 2670 quo
964 2585 1092 2650 iam
1162 2587 1228 2650 in
1289 2587 1415 2651 fine
1458 2588 1607 2652 libri
1653 2588 1915 2652 secundi
1962 2609 2165 2653 sermo
2212 2595 2348 2654 erat
2372 2639 2388 2672 ,
2448 2589 2702 2653 illorum
2747 2589 3084 2652 stultitiam

632 2701 930 2766 ostendit.
1020 2702 1259 2768 Anima
1319 2704 1593 2789 vestigia
1653 2706 1965 2791 quaedam
2012 2706 2109 2770 sui
2155 2707 2457 2793 relinquit
2501 2707 2570 2770 in
2614 2726 2874 2792 corpore
2916 2726 3085 2769 mor-

631 2824 784 2901 tuo,
845 2819 1016 2884 unde
1063 2826 1328 2906 apparet
1371 2822 1547 2885 illam
1591 2843 1721 2886 non
1768 2844 1905 2887 esse
1950 2823 2375 2889 immortalem
2400 2872 2417 2907 ,
2485 2824 2783 2909 quoniam
2828 2823 2926 2886 sui
2969 2823 3084 2887 ali-

630 2934 784 3020 quid
849 2936 917 2999 in
982 2946 1242 3021 corpore
1307 2937 1610 3024 relinquit
1679 2937 1902 3017 (libata
1970 2939 2233 3002 recessit
2297 2941 2462 3023 714).
2555 2938 2669 3004 Sin
2734 2938 3081 3003 contendas

631 3073 828 3117 novas
873 3075 1011 3118 esse
1057 3055 1299 3119 animas
1341 3055 1410 3119 in
1453 3056 1580 3119 illis
1627 3055 2057 3120 animantibus
2084 3106 2100 3139 ,
2148 3057 2431 3142 explices
2476 3077 2736 3121 necesse
2782 3062 2921 3140 est,
2968 3078 3083 3121 cur

632 3168 889 3233 tandem
955 3170 1023 3233 in
1089 3170 1248 3234 haec
1320 3177 1430 3235 aut
1490 3171 1616 3235 alia
1662 3192 1926 3257 corpora
1970 3172 2220 3237 animae
2264 3172 2667 3237 insinuentur
2693 3223 2709 3252 ‚
2775 3194 2923 3237 nam
2969 3194 3083 3236 cur

631 3287 751 3352 sibi
799 3288 1081 3352 facerent
1125 3309 1388 3374 corpora
1433 3290 1682 3353 animae
1723 3310 1869 3363 cum
1900 3295 2085 3354 extra
2116 3311 2343 3376 corpus
2372 3290 2685 3355 feliciores
2718 3296 2927 3355 essent
2951 3291 2981 3353 Ξ)
3006 3292 3078 3373 ⁶).

630 3404 907 3469 Animae
967 3426 1085 3469 nec
1147 3405 1390 3470 semina
1435 3406 1807 3471 animalium
1851 3413 2167 3471 venantur
2210 3408 2395 3491 (727)
2440 3429 2559 3472 nec
2605 3407 2901 3493 perfectis
2946 3428 3081 3471 cor-

1112 3576 1140 3599 θ

699 3680 734 3744 ¹)
802 3681 886 3731 Vs.
924 3682 1195 3735 677—711.

693 3777 735 3839 ²)
806 3776 1030 3828 Platonis
1063 3776 1186 3840 Rep.
1222 3776 1287 3825 X.
1324 3779 1416 3827 621
1452 3778 1513 3826 A.
1549 3776 1748 3827 Phaedo
1784 3776 1845 3829 76
1878 3792 1916 3826 c.

695 3872 736 3933 ³)
803 3870 890 3922 Vs.
927 3873 1166 3924 670—78.

696 3966 736 4031 4)
806 3966 892 4015 Vs.
932 3968 1171 4019 776—83.

697 4062 737 4125 ⁵)
809 4061 980 4111 Simile
1023 4062 1175 4126 quid,
1219 4078 1319 4113 non
1362 4062 1526 4123 idem,
1569 4062 1700 4125 apud
1743 4061 1871 4111 Plat.
1915 4061 2099 4111 Phaed.
2149 4063 2208 4114 78
2252 4062 2329 4123 D,
2372 4062 2414 4112 εἰ
2458 4066 2553 4129 γὰρ
2586 4062 2685 4127 ῥέοι
2719 4066 2777 4114 τὸ
2812 4067 2953 4127 σῶμα
2990 4062 3077 4111 καὶ

633 4159 953 4211 ἀπολλύοιτο
1005 4158 1079 4207 ἔτι
1129 4158 1319 4216 ζῶντος
1369 4161 1460 4208 τοῦ
1513 4160 1811 4223 ἀνθρώπου.
1866 4160 1985 4208 ἀλλ’
2036 4157 2065 4217 ἡ
2100 4157 2242 4223 ψυχὴ
2276 4159 2446 4210 ἀεὶτὸ
2480 4156 2919 4221 κατατριβόμενον
2952 4158 3076 4206 ‹ivv-

631 4248 798 4316 φαίνοι
849 4252 1132 4317 ἀναγκαῖον
1177 4254 1312 4316 μέντ’
1363 4253 1428 4303 ἂν
1483 4255 1558 4313 εἴη
1607 4252 1678 4301 ait
1719 4252 1875 4302 Cebes
1898 4288 1911 4312 ,
1960 4252 2153 4301 animus
2187 4268 2363 4315 corpus
2396 4252 2493 4302 sibi
2526 4252 2812 4302 fabricatur.
2880 4249 3082 4301 Platoni

631 4346 875 4410 placuisse
908 4345 1104 4397 videtur
1129 4346 1317 4397 animos
1339 4347 1493 4397 fuisse
1515 4352 1630 4397 ante
1651 4363 1827 4410 corpus
1849 4351 2053 4398 natum:
2089 4346 2217 4397 hanc
2239 4353 2403 4397 tamen
2428 4346 2699 4397 doctrinam
2720 4345 2793 4395 ita
2815 4344 3049 4396 describit
3064 4382 3078 4407 ,

631 4442 819 4508 mythis
869 4447 921 4491 et
951 4442 1134 4491 fabulis
1172 4441 1406 4491 adhibitis
1425 4479 1438 4503 ,
1490 4447 1549 4491 ut
1580 4440 1668 4491 vix
1702 4441 1863 4491 videri
1894 4441 2050 4504 possit
2064 4478 2077 4502 ,
2127 4456 2253 4505 quae
2284 4440 2481 4505 propria
2514 4440 2580 4491 sit
2610 4440 2717 4491 eius
2749 4439 2929 4503 opinio.
2999 4439 3079 4489 cf.

633 4536 866 4595 Karsten,
923 4535 1292 4599 Verhandeling
1324 4551 1441 4585 over
1473 4534 1815 4599 Palingenesie
1860 4550 1923 4584 en
1960 4534 2403 4601 Metempsychosis
2422 4573 2435 4598 ,
2484 4551 2597 4599 pag.
2634 4538 2695 4583 40
2710 4571 2723 4595 ,
2779 4537 2856 4583 41.
2893 4533 3080 4584 Phaed.

632 4648 680 4694 p.
717 4634 774 4681 81
813 4646 948 4695 seqq.
987 4629 1142 4695 Gorg.
1177 4636 1306 4680 extr.
1342 4646 1392 4693 p.
1427 4633 1522 4679 523
1557 4646 1688 4695 seqq.
1725 4630 1932 4679 Phaedr.
1967 4646 2017 4693 p.
2054 4633 2163 4680 248.
2234 4629 2445 4693 Republ.
2480 4630 2530 4679 X
2554 4666 2568 4690 ,
2602 4645 2649 4692 p.
2686 4632 2781 4677 618
2814 4644 2947 4693 seqq.

697 4726 738 4791 ⁰)
807 4726 892 4775 Vs.
930 4726 1168 4777 713—40.
