3529 5359
1896 355 1976 416 86

731 567 1064 646 κατασχεῖν
1129 559 1202 624 τὸ
1272 565 1587 644 στοιχεῒου
1635 605 1650 620 .
1704 604 1719 619 .
1770 604 1787 619 .
1836 603 1853 619 .
1900 559 1996 621 καὶ
2066 558 2159 620 ὅτι
2220 559 2314 620 καὶ
2383 553 2459 620 τὰ
2503 557 2668 642 τάχη
2713 551 3159 640 ἀνυπέρβλητα

732 677 889 764 ἔχει,
932 678 1136 754 πάντη
1178 677 1385 760 πόρου
1432 676 1781 758 σύμμετρον
1826 672 2057 758 ἔχοντα
2104 669 2201 737 8ιᾶ
2244 673 2317 736 τὸ
2364 675 2428 737 ἐν
2459 673 2689 757 ἀπείρῳ
2720 671 2937 746 αὐτοῖς
2966 675 3157 752 μηδὲν

733 795 1120 860 ἀντικόπτειν
1189 791 1226 868 ἢ
1289 790 1462 876 ὀλίγ’
1507 791 1893 855 ἀντικόπτειν
1940 787 2192 871 (ἄλλοις
2239 785 2302 853 δε
2347 793 2442 853 καὶ
2492 787 2770 873 ἀπείροις
2819 789 3005 862 εὐθὺς
3052 786 3159 850 ἆυ·-

733 912 998 976 τικόπτει
1062 909 1139 992 τι)
1208 905 1581 994 quibuscum
1650 880 1918 968 conferri
1978 909 2188 988 potest
2231 903 2400 989 quod
2445 904 2782 968 Lucretius
2830 903 2999 968 canit
3040 901 3157 967 IV.

739 1029 894 1091 190:
968 1047 1131 1112 „qua
1173 1030 1431 1111 propter
1475 1023 1810 1087 simulacra
1855 1023 1991 1108 pari
2035 1023 2277 1087 ratione
2324 1042 2581 1088 necesse
2628 1028 2724 1086 est
2769 1023 3158 1086 immemora-

731 1143 860 1206 bile
926 1162 1041 1228 per
1084 1141 1356 1226 spatium
1399 1146 1827 1204 transcurrere
1871 1159 2053 1225 posse
2097 1139 2401 1225 temporis
2444 1139 2511 1202 in
2565 1144 2799 1223 puncto
2828 1187 2844 1220 ,
2891 1139 3159 1223 primum

735 1259 904 1346 quod
988 1257 1249 1344 parvola
1327 1279 1515 1322 causa
1557 1259 1592 1340 ¹)
1682 1262 1778 1320 est
1839 1256 2060 1341 procul
2126 1277 2165 1320 a
2224 1262 2405 1339 tergo
2475 1275 2636 1341 quae
2705 1254 3015 1340 provehat
3072 1260 3159 1318 at-

737 1396 858 1461 que
919 1375 1264 1460 propellat,
1331 1373 1557 1438 deinde
1615 1373 1785 1459 quod
1850 1393 2048 1459 usque
2116 1372 2273 1436 adeo
2340 1378 2601 1436 textura
2673 1371 2961 1459 praedita
3025 1393 3163 1435 rara

737 1493 1074 1557 mittuntur
1098 1540 1115 1574 ‚
1182 1491 1365 1555 facile
1427 1496 1499 1554 ut
1567 1491 1818 1576 quasvis
1884 1495 2219 1576 penetrare
2266 1489 2502 1576 queant
2546 1510 2649 1553 res
2694 1495 2758 1552 et
2803 1489 2981 1574 quasi
3026 1509 3162 1574 per-

736 1627 994 1671 manare
1060 1626 1176 1692 per
1240 1606 1404 1669 aeris
1465 1604 1937 1669 intervallum”.
2047 1605 2339 1691 Denique
2407 1626 2533 1668 non
2600 1625 2933 1689 possumus
2998 1602 3161 1667 hunc

735 1723 948 1786 locum
992 1721 1214 1804 finire,
1263 1727 1600 1807 antequam
1643 1720 2274 1784 animadverterimus
2314 1720 2688 1784 Lucretium
2737 1720 2906 1783 inter
2958 1725 3163 1782 cetera

741 1843 1116 1922 argumenta
1181 1859 1379 1901 unum
1447 1837 1668 1902 afferre
1687 1887 1703 1920 ,
1771 1837 1839 1900 in
1883 1858 2005 1923 quo
2059 1837 2378 1923 propriam
2424 1838 2559 1901 eius
2606 1837 3019 1922 sagacitatem
3064 1835 3163 1899 de-

742 1954 1112 2020 sideramus,
1204 1954 1416 2019 Versu
1483 1955 1648 2018 209:
1724 1953 1903 2036 „Hoc
1970 1953 2197 2038 etiam,
2266 1929 2473 2039 inquit
2540 1959 2730 2039 poeta
2752 2002 2769 2036 ‚
2837 1954 2904 2016 in
2948 1953 3162 2038 primis

741 2072 1063 2158 specimen
1129 2092 1352 2136 verum
1411 2092 1547 2135 esse
1591 2071 1843 2135 videtur
1888 2093 2076 2157 quam
2121 2072 2310 2135 celeri
2355 2077 2533 2136 motu
2576 2091 2790 2134 rerum
2837 2070 3163 2133 simulacra

740 2191 1065 2274 ferantur,
1111 2189 1279 2277 quod
1324 2189 1511 2254 simul
1555 2210 1628 2253 ac
1672 2190 1947 2274 primum
1992 2188 2108 2252 sub
2155 2188 2261 2252 diu
2308 2187 2603 2274 splendor
2648 2187 2834 2272 aquai
2878 2187 3129 2272 ponitur
3144 2233 3161 2267 ‚

657 2363 660 2367 .
747 2307 1067 2393 extemplo
1136 2307 1310 2373 caelo
1371 2307 1664 2370 stellante
1723 2327 1947 2370 serena
2001 2305 2207 2369 sidera
2265 2304 2650 2390 respondent
2690 2305 2759 2367 in
2805 2324 2970 2388 aqua
3013 2304 3163 2368 radi-

739 2427 913 2492 antia
976 2425 1230 2489 mund0.
1320 2423 1544 2488 Iamne
1607 2424 1779 2488 vides
1845 2425 2043 2510 iyitur
2110 2445 2300 2509 quam
2356 2430 2594 2508 puncto
2641 2430 2909 2507 tempore
2965 2424 3162 2508 imaqo

745 2543 1013 2608 aetheris
1059 2564 1132 2606 ex
1183 2543 1312 2606 oris
1361 2543 1427 2605 in
1473 2548 1792 2606 terrarum
1836 2541 2081 2605 accidat
2124 2561 2269 2604 oras
2295 2541 2369 2604 .9”
2437 2539 2529 2604 At
2574 2541 2639 2604 in
2682 2539 2802 2604 hac
2843 2541 2985 2625 ipsa
3028 2561 3164 2603 con-

749 2660 1028 2727 clusione
1085 2659 1255 2724 inest
1298 2658 1543 2724 vitium.
1634 2658 1897 2746 Semper
1944 2658 2113 2747 enim
2159 2658 2293 2723 sine
2338 2657 2470 2723 ulla
2511 2657 2974 2745 interruptione
3018 2656 3163 2721 ima—

747 2778 929 2863 gines
996 2777 1208 2841 docuit
1275 2798 1312 2841 a
1370 2776 1733 2863 corporibus
1795 2776 2053 2841 dissolvi
2112 2782 2301 2863 atque
2368 2797 2482 2863 per
2549 2796 2765 2841 aerem
2809 2776 3071 2840 volitare
3094 2772 3159 2859 2).

742 3068 853 3121 0011.
901 3065 1158 3131 adscripsit
1203 3065 1472 3129 τοσούτου)
1517 3069 1576 3119 τὸ
1610 3066 1767 3131 τάχος
1800 3070 1894 3127 τῆς
1926 3068 2087 3131 φορᾶς
2117 3068 2186 3129 μὴ
2219 3064 2651 3128 α’ντιιοπτόμενον
2684 3066 3043 3129 καταλίπωμεν
3072 3064 3165 3113 11110

743 3180 844 3215 11011
874 3162 1127 3214 referenda
1158 3166 1290 3212 sunt.
1359 3160 1482 3218 Quis
1515 3160 1647 3210 enim
1679 3164 1754 3210 est
1786 3159 1873 3225 qui
1906 3176 2073 3210 eorum
2094 3159 2149 3209 in
2172 3160 2264 3209 hoc
2285 3176 2419 3209 nexu
2443 3158 2851 3224 significationem
2872 3158 3165 3224 perspiciat?

743 3258 824 3307 De
856 3271 955 3306 11110
987 3256 1069 3306 vel
1099 3254 1324 3320 pluribus
1355 3252 1476 3305 locis
1508 3252 1563 3303 in
1595 3253 1843 3316 superiore
1874 3253 2179 3319 paragrapho
2209 3269 2310 3303 non
2342 3258 2447 3305 erat
2478 3269 2635 3304 sermo
2648 3290 2662 3314 ,
2694 3269 2855 3318 neque
2887 3254 2947 3303 de
2978 3268 3165 3316 corpore

745 3354 876 3420 quod
925 3354 1149 3403 deorsum
1197 3352 1388 3411 fertur,
1441 3364 1600 3415 neque
1649 3350 1708 3399 de
1759 3350 1988 3413 αἰσθητῷ
2022 3353 2219 3415 χρὸνῳ,
2269 3351 2400 3416 quod
2448 3354 2553 3408 τοῖς
2603 3350 2682 3399 διὰ
2716 3353 2869 3415 λόγου
2903 3352 3165 3413 θεωρητοῖς

743 3452 949 3515 χρόνοις
1004 3430 1184 3510 opponi
1236 3444 1406 3509 possit.
1485 3444 1917 3507 Transponendam
1972 3459 2078 3493 esse
2134 3459 2305 3494 censeo
2346 3442 2474 3493 hanc
2529 3448 2717 3508 partem
2775 3448 2887 3508 post
2949 3458 3163 3508 paragra-

744 3544 900 3608 phum
937 3544 1015 3591 62.

808 3640 845 3699 1)
912 3636 1122 3690 Parvola
1170 3652 1318 3686 causa
1335 3672 1348 3697 ‚
1396 3651 1455 3703 ea
1502 3650 1676 3699 nempe
1709 3634 1811 3695 vis,
1847 3650 1972 3700 quae
2014 3634 2279 3685 simulacra
2310 3650 2341 3685 a
2372 3633 2655 3697 corporibus
2689 3632 2861 3683 evellit
2892 3637 2943 3683 et
2976 3632 3165 3683 emittit.

745 3732 878 3784 Mira
911 3748 1027 3783 sane
1061 3736 1136 3783 est
1168 3729 1530 3795 argumentatio
1565 3729 1864 3779 celeritatem
1895 3729 2169 3794 imaginum
2183 3746 2491 3792 permaqnam
2513 3744 2619 3779 esse
2632 3764 2645 3789 ,
2680 3744 2792 3777 cum
2807 3732 3007 3789 parvola
3031 3743 3167 3777 causa

745 3832 842 3877 eas'
858 3825 1122 3890 propellat,
1158 3829 1375 3874 attamen
1407 3840 1519 3873 cum
1553 3824 1763 3873 Munroo
1789 3826 1991 3885 parvola
2022 3824 2083 3872 ad
2118 3822 2377 3873 simulacra
2407 3823 2587 3873 referre
2620 3822 2701 3872 vel
2734 3838 2848 3871 cum
2882 3820 3169 3872 Susemihlio

749 3920 898 3986 (Phil.
952 3919 1153 3969 XXIX.
1199 3934 1248 3983 p.
1297 3921 1406 3977 434)
1458 3934 1628 3969 versus
1661 3917 1851 3983 aliquot
1882 3917 2127 3968 interiisse
2157 3922 2331 3981 putare
2362 3916 2548 3967 nolim:
2604 3916 2768 3981 potius
2802 3932 2914 3965 cum
2947 3916 3169 3980 Briegero

750 4015 900 4083 (Phil.
950 4015 1039 4075 1.1.)
1095 4019 1217 4078 puto
1269 4013 1324 4063 in
1363 4016 1566 4075 parvola
1618 4012 1799 4065 vitium
1852 4012 2019 4063 latere.
2088 4011 2225 4069 Quae
2278 4012 2345 4061 sit
2386 4012 2507 4061 haec
2541 4028 2687 4061 causa
2717 4012 2836 4061 satis
2867 4010 3170 4075 perspicuum

746 4116 822 4162 est
854 4126 881 4161 e
912 4109 1273 4175 comparatione
1319 4125 1432 4158 cum
1463 4108 1580 4159 solis
1611 4108 1722 4159 luce
1739 4146 1752 4169 ‚
1811 4124 1938 4174 quae
1967 4107 2192 4173 sequenti
2227 4106 2519 4171 propellitur
2554 4106 2701 4171 plaga
2718 4143 2731 4167 ,
2767 4106 2861 4156 etsi
2903 4105 3171 4155 accuratius

747 4223 856 4257 eam
898 4204 1168 4256 describere
1214 4210 1358 4267 poeta
1400 4204 1634 4268 neglexit.
1703 4204 1962 4253 Praeterea
2013 4216 2296 4252 moneamus
2337 4218 2365 4251 0
2398 4206 2561 4251 mente
2594 4200 2798 4265 Epicuri
2830 4205 3017 4251 motum
3048 4201 3169 4251 inse-

747 4300 1015 4364 parabilem
1047 4314 1152 4349 esse
1183 4298 1415 4349 materiae
1446 4298 1824 4362 proprietatem,
1858 4298 1922 4347 D.
1957 4298 2015 4349 L.
2051 4298 2119 4347 X.
2154 4301 2244 4347 43:
2294 4300 2551 4362 κςινοῦνταί
2587 4316 2639 4348 τε
2664 4302 2887 4361 συνεχῶς
2910 4298 2962 4347 αἱ
2984 4300 3167 4361 ἄτομοι.

753 4396 888 4446 Sext.
924 4396 1066 4458 Emp.
1107 4398 1164 4443 10
1184 4432 1197 4455 ,
1246 4398 1337 4444 221
1365 4430 1377 4443 .
1403 4430 1414 4443 .
1443 4430 1454 4443 .
1491 4398 1582 4455 τῆς
1616 4394 1809 4454 ἀτόμου
1829 4432 1841 4454 ,
1878 4396 1961 4446 ὅτε
1986 4397 2100 4445 καθ’
2130 4392 2317 4452 ἑαυτὴν
2339 4395 2477 4445 ἐστιν
2494 4432 2506 4455 ,
2533 4394 2818 4451 αἐιιεινὴτου
2843 4395 3174 4452 καθεστώσης.

749 4492 834 4543 Vs.
875 4493 965 4541 195
999 4506 1056 4540 00
1087 4490 1193 4541 1000
1211 4526 1225 4551 ,
1258 4489 1344 4539 ubi
1377 4488 1578 4540 Lachm.
1615 4505 1728 4539 eum
1763 4490 1970 4539 collocat
1986 4526 2000 4550 ,
2034 4493 2145 4551 post
2178 4505 2251 4538 vs.
2277 4492 2369 4537 205
2394 4527 2406 4550 ,
2442 4493 2555 4553 apte
2577 4488 2791 4553 positum
2814 4503 2917 4537 esse
2940 4488 3177 4539 credimus

704 4657 706 4660 v
749 4586 893 4636 modo
927 4587 1158 4646 ferwntur
1199 4588 1336 4634 mute
1367 4587 1451 4633 tur
1481 4583 1536 4633 in
1565 4590 1822 4646 qenantur.

814 4680 860 4743 ²)
924 4680 1018 4731 VS.
1049 4683 1156 4728 155.
1225 4679 1286 4730 D.
1320 4679 1379 4728 L.
1415 4679 1482 4730 X.
1518 4680 1612 4728 48:
1651 4678 1682 4738 ἡ
1717 4680 1909 4745 γένεσις
1944 4685 2047 4731 τῶν
2080 4678 2297 4729 εἰδώλων
2330 4683 2444 4729 cett.
