3529 5359
1612 365 1717 430 ,69

459 561 774 628 videntur.
866 564 1028 628 Cum
1093 564 1607 630 mechanicorum
1673 587 1850 630 more
1895 566 2092 631 animi
2136 573 2428 631 naturam
2475 566 2907 633 describentes

460 685 677 745 tamen
719 702 936 745 omnes
983 681 1386 748 difficultates
1431 704 1638 769 neque
1685 684 1888 748 vitare
1933 704 2141 770 neque
2188 685 2434 749 solvere
2479 691 2777 770 possent,
2824 683 2906 749 ad

464 798 596 861 vim
664 800 979 885 quandam
1040 801 1314 864 nominis
1376 807 1715 887 expertem
1759 800 2219 885 confugerunt,
2290 822 2451 886 quae
2498 807 2571 864 ut
2617 800 2777 865 deus
2824 821 2908 865 ex

457 915 752 979 machina
811 917 1050 981 auxilio
1096 918 1334 982 veniat.
1438 918 1622 984 Haec
1665 923 1892 1005 quarta
1936 918 2131 981 animi
2177 939 2323 1002 pars
2368 917 2727 982 necessaria
2772 903 2901 1000 est,

459 1033 608 1119 quia
673 1033 860 1097 aliter
927 1034 1234 1120 explicari
1299 1057 1426 1099 11011
1492 1041 1756 1121 possunt
1808 1034 2131 1117 „sensiferi
2176 1036 2430 1098 motus”
2491 1036 2701 1118 (240);
2773 1056 2898 1121 quo

458 1149 644 1213 modo
711 1156 925 1215 autem
984 1150 1103 1215 hac
1148 1153 1214 1216 vi
1259 1152 1547 1216 adhibita
1607 1152 1920 1238 explicari
1963 1152 2243 1237 possint,
2290 1173 2417 1216 non
2462 1152 2899 1238 perspicimus.

458 1267 710 1331 Dicitur
776 1269 910 1332 sola
976 1268 1422 1333 sensiferorum
1491 1276 1778 1334 motuum
1846 1291 2037 1334 causa
2103 1290 2240 1333 esse
2304 1275 2369 1333 et
2435 1269 2606 1332 idem
2662 1268 2899 1334 habere

459 1405 604 1448 cum
670 1386 880 1449 animo
946 1386 1301 1469 vinculum,
1370 1387 1539 1473 quod
1603 1387 1855 1451 animus
1899 1408 2043 1451 cum
2088 1407 2350 1472 corpore
2396 1386 2591 1450 habet
2619 1435 2635 1468 ,
2708 1407 2903 1472 quare

459 1502 654 1565 totius
711 1504 961 1568 animae
1028 1504 1241 1569 anima
1301 1505 1681 1590 appellatur.
1772 1505 2069 1568 Fortasse
2115 1510 2305 1589 poeta
2351 1504 2412 1567 ei
2457 1509 2705 1589 partem
2750 1503 2903 1568 acti-

458 1639 604 1682 vam
662 1619 1118 1705 perceptioniS,
1165 1627 1238 1684 ut
1282 1621 1374 1684 ita
1419 1620 1658 1703 dicam,
1706 1620 1970 1703 tribuit,
2017 1620 2109 1684 ita
2152 1626 2223 1683 ut
2270 1641 2347 1684 ea
2390 1621 2641 1684 animus
2689 1620 2899 1684 inten-

460 1734 646 1799 datur
703 1737 770 1800 in
829 1757 940 1819 ea,
986 1737 1214 1823 quibus
1259 1759 1486 1822 corpus
1531 1736 1803 1801 afficitur
1846 1758 1961 1822 per
2006 1757 2247 1801 sensus.
2340 1737 2491 1801 Sine
2536 1737 2649 1800 illa
2692 1743 2899 1802 atten-

459 1853 631 1917 tione
700 1853 872 1917 enim
936 1854 1378 1941 perceptiones
1445 1854 1524 1919 ad
1593 1855 2045 1919 conscientiam
2111 1876 2237 1918 non
2305 1853 2709 1939 perveniunt.
2799 1854 2903 1918 Ita

460 1970 862 2036 difficultates
905 1971 986 2036 ad
1029 1972 1203 2037 aliud
1247 1973 1712 2036 transferuntur
1756 1993 1964 2058 neque
2011 1972 2171 2036 solvi
2215 1977 2499 2057 possunt.
2591 1970 2794 2034 Porro
2852 1971 2906 2035 si

465 2089 606 2174 quis
651 2089 930 2176 quaerit,
977 2090 1180 2153 utrius
1224 2088 1345 2154 hae
1393 2095 1690 2175 quattuor
1733 2089 1861 2152 sint
1906 2094 2119 2173 partes
2164 2088 2359 2153 animi
2389 2109 2473 2152 an
2504 2087 2755 2151 animae
2780 2137 2797 2170 ,
2822 2108 2905 2151 an

461 2206 790 2292 utriusque
810 2256 826 2289 ,
883 2205 1135 2270 difficile
1184 2207 1304 2270 erit
1349 2207 1680 2292 quaerenti
1722 2227 2023 2291 responso
2070 2207 2221 2270 satis
2267 2205 2495 2269 facere.
2588 2204 2751 2268 Sunt
2796 2205 2907 2291 qui

459 2329 688 2408 putent
727 2323 768 2408 ¹)
841 2324 1114 2388 calorem
1174 2330 1239 2388 et
1305 2345 1526 2389 auram
1586 2330 1652 2387 et
1718 2344 1932 2388 aerem
1977 2323 2226 2387 animae
2271 2328 2485 2408 partes
2540 2342 2713 2403 esse,
2761 2343 2906 2385 cum

460 2440 708 2505 animus
753 2441 886 2505 sive
931 2461 1111 2505 mens
1157 2462 1194 2505 e
1239 2448 1463 2528 quarta
1508 2441 1620 2504 illa
1662 2446 1845 2526 parte
1891 2441 1973 2503 sit
2016 2440 2239 2504 factus,
2299 2439 2484 2503 Haec
2514 2439 2729 2524 opinio
2762 2460 2906 2503 con-

461 2559 671 2622 cinere
742 2559 996 2623 videtur
1041 2581 1186 2624 cum
1231 2559 1561 2624 Plutarchi
1607 2559 1819 2623 verbis
1843 2556 1936 2642 2):
1983 2562 2055 2626 τὸ
2102 2559 2227 2645 γὰρ
2277 2556 2324 2645 ᾧ
2372 2561 2563 2643 κρίνει
2608 2563 2704 2625 καὶ
2750 2586 2906 2640 μνη-

457 2681 698 2759 μονεύει
767 2682 860 2743 καὶ
932 2677 1099 2764 φιλεῖ
1165 2683 1262 2744 καὶ
1328 2687 1492 2763 μισεῖ
1551 2683 1646 2744 καὶ
1696 2675 1871 2753 ὅλως
1913 2677 1987 2743 τὸ
2035 2677 2348 2763 φρόνιμον
2392 2679 2491 2741 καὶ
2536 2674 2906 2759 λογιστικὸν

461 2793 523 2859 ἔκ
605 2822 779 2875 τινος
864 2801 1058 2882 φησὶν
1125 2794 1639 2877 ἀκατονομάστου
1714 2798 2053 2872 ποιότητος
2124 2792 2551 2881 ἒπιγῖνεσθαι”
2628 2797 2693 2855 et
2762 2813 2907 2856 cum

460 2908 661 2996 ipsius
705 2911 991 2975 Lucretii
1035 2911 1266 2995 verbis,
1315 2934 1458 2976 cum
1503 2912 1636 2975 fere
1683 2912 1915 2994 omnia,
1962 2931 2125 2997 quae
2174 2910 2252 2974 de
2300 2915 2525 2996 quarta
2568 2910 2680 2973 illa
2723 2915 2906 2994 parte

461 3027 770 3113 dicantur,
819 3029 1013 3093 etiam
1058 3029 1269 3093 animo
1313 3029 1744 3093 attribuantur
1771 3027 1839 3107 3).
1932 3027 2059 3092 Sed
2116 3033 2330 3093 tamen
2374 3031 2643 3113 apparet
2689 3024 2904 3089 discri-

459 3166 608 3209 men
676 3167 813 3210 esse
881 3146 1048 3210 inter
1109 3152 1450 3234 utrumque
1468 3196 1485 3229 ,
1570 3168 1715 3211 cum
1784 3146 2034 3210 animus
2087 3144 2334 3209 dicatur
2384 3144 2597 3208 media
2640 3143 2901 3227 regione

457 3263 525 3326 in
583 3264 857 3349 pectoris
921 3263 1184 3329 haerere
1208 3266 1296 3348 4),
1358 3264 1467 3329 illa
1531 3286 1678 3350 pars
1746 3264 2004 3349 penitus
2062 3284 2353 3348 prorsum
2413 3262 2613 3325 latere
2661 3266 2727 3324 et
2756 3260 2902 3324 sub-

460 3400 618 3463 esse,
648 3401 767 3445 nec
799 3380 1004 3465 magis
1033 3380 1153 3445 hac
1182 3381 1352 3445 intra
1381 3381 1583 3461 (codd.
1606 3382 1810 3465 infra)
1842 3381 2181 3468 quicquam
2212 3401 2350 3445 esse
2379 3380 2446 3442 in
2469 3399 2730 3463 corpore
2760 3397 2903 3442 nos-

459 3502 557 3561 tro
589 3496 674 3581 ⁵);
731 3519 875 3562 cum
939 3499 1220 3562 animum
1281 3480 1459 3563 dicat
1493 3504 1684 3585 poeta
1729 3518 2205 3584 nonnumquam
2251 3496 2451 3579 laedi,
2510 3496 2660 3559 dum
2691 3515 2901 3581 neque

457 3615 670 3679 anima
740 3636 949 3701 neque
1017 3636 1242 3701 corpus
1309 3622 1829 3679 commoveantur
1854 3619 1939 3699 ὓ),
2020 3614 2101 3679 ad
2161 3615 2335 3680 illam
2401 3612 2646 3677 dolores
2692 3632 2901 3699 neque

458 3752 604 3796 acre
662 3732 901 3796 malum
967 3737 1208 3797 temere
1267 3738 1603 3818 penetrare
1669 3737 1974 3818 possunt,
2063 3732 2217 3817 quin
2280 3752 2451 3795 mors
2518 3735 2818 3815 sequatur
2839 3731 2899 3813 7).

456 3850 658 3914 Porro
733 3849 1043 3931 „nominis
1107 3850 1267 3915 haec
1335 3871 1568 3938 expers
1631 3850 1768 3915 vis’'
1839 3854 2241 3936 comparatur
2298 3868 2445 3912 cum
2516 3846 2749 3930 „animi
2791 3846 2898 3911 vi”

525 4127 566 4185 ι)
638 4126 965 4177 Reisackerus
997 4125 1052 4175 in
1084 4124 1210 4176 libro
1241 4125 1442 4177 laudato
1474 4142 1522 4191 p.
1560 4130 1640 4175 20.

525 4222 568 4285 ²)
636 4223 764 4272 Adv.
803 4221 907 4272 001.
943 4224 1021 4271 20.

521 4321 561 4381 ³)
633 4317 702 4369 cf
750 4319 1040 4380 139-160,
1073 4318 1345 4370 241-257.

521 4413 562 4475 4ι)
637 4415 742 4463 140.

521 4510 561 4568 ⁵)
630 4509 740 4561 273.

523 4604 565 4669 ⁸)
639 4606 744 4652 149.

522 4699 565 4765 7)
633 4701 743 4748 262.
