3529 5359
1749 320 1872 382 174

586 547 711 612 quo
776 545 962 609 mage
1029 524 1306 609 plurima
1348 523 1692 607 habemus,
1739 529 1873 587 tam
1916 522 2121 606 magis
2166 522 2441 588 ardescit
2488 523 2625 588 dira
2668 523 3031 610 cuppedine

587 642 850 728 pectus'’
890 643 954 726 ¹).
1045 641 1218 705 Scite
1285 641 1353 704 id
1419 641 1703 727 explicat
1770 646 2001 726 poeta:
2084 661 2268 722 „nam
2344 640 2523 704 cibus
2590 647 2780 726 atque
2848 663 3033 706 umor

587 758 890 824 membris
950 758 1306 822 adsumitur
1347 759 1561 841 intus3
1630 778 1793 844 quae
1840 756 2139 843 quoniam
2185 763 2390 821 certas
2434 764 2698 842 possunt
2742 758 3033 822 obsidere

589 876 788 962 partis
813 925 829 958 ,
888 874 1009 940 hoc
1052 874 1237 939 facile
1284 876 1582 961 expletur
1625 874 1889 938 laticum
1932 873 2315 961 frugumque
2362 875 2633 960 cupido:
2703 896 2788 940 ex
2831 874 3033 939 homi-

589 993 690 1058 nis
755 1013 908 1056 vero
972 991 1135 1055 facie
1194 992 1587 1079 pulchroque
1646 992 1856 1056 colore
1902 990 1994 1054 nil
2043 991 2227 1055 datur
2269 991 2338 1055 in
2384 1013 2609 1077 corpus
2654 998 2907 1077 praeter
2952 993 3033 1055 si-

590 1107 871 1173 mulacra
930 1107 1270 1171 fruendum
1329 1107 1590 1189 tenuia;
1658 1128 1823 1192 quae
1886 1113 2168 1170 mentem
2236 1128 2380 1193 spes
2424 1113 2636 1192 raptat
2682 1128 2873 1194 saepe
2916 1108 3033 1171 mi-

592 1224 813 1289 sella’'.
906 1224 1035 1288 Sed
1097 1246 1480 1311 quamquam
1525 1224 1756 1290 amoris
1801 1224 1972 1288 mala
2016 1230 2082 1287 et
2126 1245 2315 1289 curae
2362 1230 2509 1288 sunt
2551 1224 2893 1309 fugienda,
2940 1231 3035 1290 ta-

591 1363 741 1406 men
793 1341 1104 1424 „Veneris
1148 1340 1358 1406 fructu
1406 1344 1584 1427 (non)
1632 1347 1807 1406 caret
1851 1342 1905 1405 is
1949 1341 2056 1427 qui
2100 1342 2262 1406 vitat
2307 1363 2621 1425 amorem,
2668 1342 2781 1406 sed
2824 1344 3035 1428 potius

592 1480 754 1544 quae
822 1465 969 1524 sunt
1036 1459 1172 1522 sine
1241 1479 1448 1544 poena
1514 1459 1845 1523 commoda
1888 1459 2123 1540 sumit,
2190 1481 2339 1522 nam
2386 1466 2556 1523 certe
2602 1465 2822 1544 purast
2866 1459 3035 1523 sanis

589 1576 795 1661 magis
861 1576 1010 1640 inde
1078 1576 1371 1661 voluptas
1439 1597 1627 1662 quam
1674 1574 1964 1638 miseris'’
2000 1575 2072 1659 2).
2159 1575 2367 1640 Multa
2410 1575 2687 1661 Epicuro
2734 1581 2883 1640 sunt
2928 1576 3037 1640 ob-

590 1694 758 1759 iecta
801 1700 1062 1780 propter
1105 1694 1432 1757 lasciviam
1479 1699 1544 1758 01
1589 1693 1927 1757 (11330111103
1972 1715 2209 1776 1110103,
2257 1715 2413 1779 (11103
2445 1694 2743 1780 probasse
2774 1695 3033 1758 dicitur:

593 1832 678 1876 ex
723 1813 927 1876 altera
978 1818 1162 1898 parte
1206 1811 1472 1897 Epicuri
1515 1811 1712 1876 verba
1743 1810 2012 1896 proferri
2042 1817 2347 1896 possunt,
2395 1833 2556 1898 quae
2588 1833 2899 1875 summam
2930 1811 3035 1876 ab·

593 1929 961 1994 stinentiam
1006 1929 1448 1993 commendare
1494 1929 1793 1993 videntur
1833 1927 1899 2012 3).
1988 1929 2052 1992 N
2056 1950 2136 1992 on
2183 1935 2398 1992 tamen
2429 1928 2689 2011 dubito,
2721 1929 2876 2015 quin
2906 1929 3035 1992 Lu-

593 2047 828 2111 cretius
889 2045 1126 2133 optime
1189 2045 1478 2130 magistri
1546 2045 1909 2131 opinionem
1969 2044 2352 2127 reddiderit,
2423 2046 2527 2109 cui
2572 2046 2851 2131 placuit:
2922 2047 3037 2112 οὐκ

593 2166 1051 2250 ἐρασθήσεσθαι
1095 2163 1209 2228 τὸν
1256 2164 1463 2248 σοφόν
1492 2159 1537 2244 4)
1557 2210 1574 2244 ,
1621 2161 1741 2225 etsi
1772 2167 1998 2247 poetae
2030 2160 2253 2244 ardor,
2300 2182 2445 2225 cum
2477 2182 2560 2225 ex
2591 2162 2815 2226 intimo
2846 2162 3036 2226 corde

591 2279 887 2366 loquatur
912 2328 929 2362 ,
975 2279 1166 2363 longe
1213 2279 1478 2365 Epicuri
1523 2279 1923 2343 ieiunitatem
1970 2285 2245 2364 superat.

678 2396 783 2460 Ex
829 2396 1053 2460 eodem
1102 2395 1180 2460 de
1212 2396 1338 2460 fine
1370 2395 1678 2460 bonorum
1711 2396 2022 2482 principio
2050 2445 2066 2478 ,
2120 2418 2281 2482 „quo
2311 2397 2632 2460 tendimus
2664 2401 2921 2461 omnes'’
2950 2397 2996 2474 ⁵)
3018 2445 3035 2479 ,

594 2514 714 2579 etsi
753 2515 1020 2579 alienas
1081 2534 1272 2600 saepe
1339 2514 1460 2584 init
1531 2514 1663 2578 vias
1729 2515 1959 2598 vulgus
1984 2563 2000 2596 ,
2070 2515 2381 2600 explicari
2450 2515 2641 2578 debet
2708 2515 2925 2599 legum
2970 2520 3037 2578 et

592 2631 924 2697 civitatum
971 2631 1166 2716 origo.
1259 2631 1422 2697 Cum
1469 2631 1705 2696 erudiri
1751 2637 2098 2718 coeperunt
2142 2630 2473 2716 homines,
2542 2637 2757 2696 narrat
2802 2632 3037 2697 Lucre-

591 2750 762 2833 tius,
815 2770 1047 2835 „pecus
1091 2755 1283 2834 atque
1329 2770 1516 2834 agros
1561 2749 1835 2814 divisere
1882 2756 2071 2836 atque
2119 2749 2350 2813 dedere
2395 2771 2510 2835 pro
2541 2750 2700 2814 facie
2732 2751 3036 2837 cuiusque

594 2873 660 2932 et
703 2867 944 2931 viribus
987 2868 1414 2954 ingenioque'’
1442 2868 1513 2952 ⁰).
1592 2866 1720 2949 „At
1766 2868 1969 2932 claros
2012 2867 2303 2933 homines
2346 2870 2687 2933 voluerunt
2732 2890 2800 2933 se
2848 2875 3037 2955 atque

592 2991 928 3072 potentes,
975 2992 1048 3049 ut
1091 2985 1505 3050 fundamento
1553 2985 1767 3049 stabili
1810 2985 2063 3050 fortuna
2104 2991 2393 3050 maneret
2438 2992 2503 3050 et
2546 2986 2861 3071 placidam
2896 3007 3038 3072 pos-

593 3107 737 3165 sent
796 3101 1081 3187 opulenti
1144 3101 1377 3185 degere
1424 3101 1658 3184 vitam,
1728 3122 1810 3165 ne
1856 3101 2191 3187 quiquam,
2248 3101 2547 3187 quoniam
2594 3102 2674 3165 ad
2720 3123 3036 3165 summum

595 3218 933 3284 succedere
992 3218 1298 3283 honorem
1346 3225 1665 3283 certantes
1709 3218 1834 3282 iter
1877 3218 2179 3283 infestum
2222 3218 2433 3283 fecere
2482 3219 2650 3301 viai,
2713 3225 2779 3283 et
2824 3225 3036 3284 tamen

595 3356 632 3401 e
677 3357 922 3400 summo
951 3385 967 3418 ,
1015 3336 1194 3422 quasi
1240 3336 1518 3419 fulmen,
1568 3336 1761 3400 deicit
1806 3335 1965 3401 ictos
2003 3336 2245 3399 invidia
2274 3337 2593 3401 interdum
2626 3337 3037 3422 contemptim

592 3451 659 3515 in
725 3451 994 3515 Tartara
1061 3452 1307 3516 taetra’'
1347 3453 1412 3536 7).
1503 3452 1772 3515 Nobiles
1835 3458 1899 3515 et
1967 3473 2151 3536 reges
2220 3453 2411 3516 occisi
2480 3459 2627 3517 sunt
2675 3459 2739 3516 et
2785 3453 3039 3517 turbata

591 3566 843 3631 iacebat
909 3573 1044 3631 tota
1109 3567 1488 3653 respublica.
1577 3568 1737 3633 Inde
1801 3575 2061 3633 exortus
2130 3575 2226 3633 est
2285 3590 2488 3634 novus
2533 3592 2747 3634 rerum
2794 3577 3034 3635 status:

602 3684 1080 3769 „magistratum
1124 3685 1357 3770 partim
1402 3685 1673 3751 docuere
1720 3708 1971 3770 creare,
2017 3688 2281 3773 iuraque
2325 3688 2709 3752 constituere
2727 3738 2744 3772 ,
2791 3693 2864 3752 ut
2907 3687 3040 3751 vel-

663 3992 699 4056 ¹)
769 3990 846 4042 IV
867 4028 882 4053 ‚
921 3994 1061 4041 1089.

661 4088 704 4152 ¹)
770 4086 878 4148 IV,
918 4087 1058 4140 1073.

660 4180 705 4247 ³)
772 4180 911 4233 Stob.
947 4180 1118 4231 F'loril.
1152 4197 1201 4245 p.
1238 4183 1348 4231 282.
1383 4184 1690 4248 Ἐπίκουρος
1723 4184 1994 4248 ἐρωτηθεὶς
2027 4185 2154 4237 πότε
2189 4185 2261 4235 δεῖ
2293 4186 2621 4251 προςομιλεῒν
2652 4186 2881 4251 γυναικί,
2912 4186 3006 4251 ἔφη
3026 4222 3043 4247 ,

596 4277 726 4328 ὅταν
759 4280 954 4337 σᾳυτὸν
985 4276 1354 4342 ἀσθενέστερον
1387 4279 1544 4344 θέλῃς
1578 4278 1828 4344 γενέσθαι.

660 4370 698 4431 ⁴)
765 4370 831 4421 D.
866 4372 925 4422 L.
962 4372 1046 4432 x,
1087 4375 1194 4421 118.

661 4465 704 4529 ⁸)
768 4465 876 4527 VI,
912 4468 990 4515 26.

662 4561 704 4626 ⁶)
773 4560 851 4623 v,
889 4564 1014 4611 1110
1047 4576 1181 4626 seqq.

663 4654 702 4713 ⁷)
769 4652 848 4714 V,
888 4657 1012 4704 1120
1045 4670 1180 4719 seqq.
