3529 5359
1565 381 1688 442 125

397 577 760 665 Epicurum
827 581 999 645 idem
1063 581 1300 646 ‘dixisse
1345 580 1414 645 in
1457 559 1622 646 libro¹
1663 581 1999 645 undecimo
2046 586 2181 666 περὶ
2230 584 2513 668 φύσεωςτ
2584 585 2631 648 εἰ
2677 584 2803 668 γὰρ
2830 631 2847 659 ,

401 702 566 782 φησί
582 746 601 777 .,
648 699 720 763 τὸ
765 703 1032 784 μέγεθος
1083 696 1180 766 διὰ
1228 701 1300 764 τὸ
1349 697 1650 780 διάστημα
1696 697 2165 784 ἀπεβεβλήκει,
2213 697 2443 784 πολλῷ
2488 697 2566 762 ἂν
2595 699 2852 779 μᾶλλον

399 816 525 890 τὴν
593 817 820 901 χρόαν.
910 815 1163 879 Deinde
1225 816 1482 901 pergit:
1545 816 1714 881 ἄλλο
1761 817 1889 900 γὰρ
1935 819 2133 900 τοῦτ-ῳ
2180 817 2677 901 συμμετρότερον
2724 814 2851 882 διά-

403 961 610 1012 στημα
657 934 845 999 οὐδέν
891 937 1053 1016 ἐστι,
1100 935 1248 1000 κατὰ
1298 931 1361 1001 δὲ
1405 935 1478 999 τὸ
1526 933 1652 999 κατ’
1699 933 1852 998 αὐτὸ
1900 933 2036 1009 ἤτοι
2065 931 2284 1016 μεῖζον
2314 938 2427 999 τοῦ
2460 937 2778 1019 ὁρωμένου
2809 935 2847 1012 ἢ

404 1047 675 1113 ἔλαττον
726 1055 923 1136 μἰκρῷ
967 1049 1006 1125 ἢ
1050 1049 1425 1125 τηλικοῦτον
1471 1049 1698 1124 ἡλίκον
1745 1053 1963 1134 ὁρᾶται
2012 1070 2025 1084 ·
2074 1049 2237 1114 οὕτω
2283 1052 2407 1134 ’γὰρ
2456 1055 2553 1114 καὶ
2598 1050 2671 1114 τὰ
2706 1050 2851 1136 παρ’

405 1166 558 1245 ἡμῖν
603 1167 767 1249 πυρὰ
819 1163 886 1239 ἐξ
929 1167 1375 1245 ἀποστήματος
1421 1168 1822 1248 θεωρούμενα
1861 1166 2009 1230 κατὰ
2044 1167 2159 1242 τὴν
2190 1165 2483 1241 αἴσθησιν
2514 1170 2849 1251 θεωρεῖται.

404 1280 592 1344 Idem
659 1288 876 1346 censet
943 1283 1322 1346 Lucretius:
1398 1303 1552 1364 „nec
1615 1282 1813 1346 nimio
1867 1283 2014 1345 solis
2058 1281 2259 1345 maior
2302 1289 2441 1346 rota
2485 1304 2603 1348 nec
2646 1284 2853 1348 minor

408 1397 598 1460 ardor
645 1399 867 1485 (χρόα)
915 1419 1052 1462 0880
1100 1405 1344 1484 potest,
1405 1399 1634 1462 nostris
1679 1419 1870 1485 quam
1916 1397 2202 1462 sensibus
2249 1419 2386 1462 esse
2430 1398 2685 1462 videtur
2722 1396 2849 1482 ¹)’':

410 1514 489 1577 de
548 1515 700 1579 luna
760 1515 929 1579 idem
965 1515 1301 1580 dicendum
1351 1522 1487 1598 est,
1543 1516 1714 1598 „sive
1769 1514 1965 1578 notho
2019 1514 2224 1578 fertur
2277 1515 2419 1580 loca
2469 1517 2710 1581 lumine
2759 1518 2853 1581 lu-

410 1638 616 1696 strans
641 1632 690 1716 ²)
712 1683 728 1716 ‚
803 1633 937 1697 sive
1005 1656 1184 1698 suam
1250 1635 1504 1719 proprio
1570 1634 1764 1698 iactat
1812 1633 1889 1696 de
1935 1654 2196 1718 corpore
2240 1633 2489 1697 lucem”
2516 1629 2583 1712 ³).
2672 1634 2853 1698 Idem

409 1747 768 1833 Epicurus:
843 1749 925 1815 ἐ’τι
985 1729 1369 1836 τ’ἐνδέχεται
1435 1752 1551 1826 τὴν
1616 1750 1892 1825 σελήνην
1954 1747 2021 1824 ἐξ
2087 1753 2303 1825 ἑαυτῆς
2349 1749 2516 1836 ἔχειν
2560 1752 2633 1816 τὸ
2681 1757 2851 1836 φῶς,

413 1863 720 1951 ἐνδέχεται
767 1863 829 1931 δὲ
879 1870 974 1931 καὶ
1023 1867 1148 1931 ἀπὸ
1195 1875 1308 1930 τοῦ
1355 1866 1542 1940 ἡλίου
1561 1863 1632 1949 4).
1722 1864 2196 1948 Argumentum
2227 1865 2411 1928 affert
2456 1864 2628 1929 idem
2658 1872 2854 1953 atque

413 1979 727 2066 Epicurus
753 2031 769 2064 ,
814 2002 911 2045 vs.-
956 1984 1076 2046 581
1109 2005 1122 2046 :
1194 2004 1356 2068 „qua
1399 1988 1658 2067 propter
1687 1982 1843 2046 luna
1872 2002 2131 2045 necesse
2164 1987 2294 2064 est,
2342 1982 2852 2069 quandoquidem

413 2099 647 2162 claram
691 2099 969 2184 speciem
1015 2105 1377 2185 certamque
1423 2099 1691 2182 figuram
1734 2098 2002 2184 praebet
2029 2148 2045 2181 ,
2118 2104 2193 2162 ut
2238 2104 2333 2163 est
2378 2099 2504 2162 oris
2550 2102 2855 2166 extremis

414 2236 682 2302 cumque
742 2222 962 2280 notata
1027 2222 1389 2302 quantaque
1451 2222 1747 2302 quantast
1792 2214 1941 2280 hinc
1986 2215 2168 2280 nobis
2211 2215 2503 2279 videatur
2547 2216 2616 2279 in
2660 2218 2856 2282 alt0.”

415 2335 506 2397 Τὰ
557 2334 702 2419 παρ’
749 2336 897 2415 ἡμῖν
942 2337 1109 2418 πΰρα
1155 2333 1444 2397 invenies
1489 2354 1578 2396 vs,
1629 2334 1752 2397 585
1802 2353 2011 2418 seqq:
2110 2338 2463 2418 „postremo
2497 2355 2653 2421 quos
2686 2355 2857 2398 cum-

415 2470 539 2536 que
603 2450 785 2514 vides
851 2448 1000 2514 hinc
1069 2450 1346 2514 aetheris
1409 2451 1624 2534 igneS‚
1695 2449 2204 2537 quandoquidem
2250 2471 2406 2536 quos
2475 2471 2745 2537 cumque
2790 2453 2857 2516 in

415 2568 600 2631 terris
683 2568 986 2632 cernimu'
1058 2569 1230 2653 iqnes
1256 2618 1272 2651 ‚
1347 2568 1496 2632 dum
1554 2574 1793 2632 tremor
1860 2574 1949 2632 est
2020 2569 2225 2632 clarus
2251 2617 2267 2650 ,
2355 2567 2505 2631 dum
2582 2571 2861 2634 cernitur

417 2686 601 2750 ardor
661 2708 922 2769 eorum,
1006 2707 1382 2771 perparvom
1443 2686 1742 2772 quiddam
1803 2687 1971 2750 inter
2032 2686 2180 2749 dum
2241 2693 2493 2751 mutare
2558 2687 2861 2753 videntur

417 2804 682 2868 alteram
725 2810 935 2868 utram
979 2805 1048 2868 in
1097 2810 1344 2889 partem
1393 2804 1612 2887 filum,
1661 2826 1784 2890 quo
1837 2804 2091 2887 longius
2144 2803 2416 2887 absunt,
2486 2806 2645 2869 scire
2706 2807 2858 2872 licet

417 2941 722 3008 perquam
778 2921 1067 3007 pauxillo
1127 2942 1311 3007 posse
1379 2921 1655 2985 minores
1723 2941 1862 2985 esse
1928 2920 2034 2985 vel
2093 2920 2331 3004 exigua
2374 2922 2629 2987 maioris
2672 2930 2853 3009 parte

417 3038 785 3125 brevique.’'

502 3156 867 3220 Postremos
909 3155 1025 3219 hos
1069 3176 1290 3219 versus
1313 3175 1560 3240 quoque
1592 3154 1780 3238 plane
1812 3175 1957 3217 cum
1986 3154 2252 3242 Epicuri
2282 3157 2493 3222 verbis
2524 3158 2857 3224 concinere

419 3274 603 3338 facile
655 3279 938 3359 apparet.
1001 3272 1194 3358 Apud
1227 3274 1602 3337 Lucretium
1635 3277 1850 3335 tamen
1885 3271 2203 3338 distinctio
2228 3274 2376 3337 solis
2399 3275 2857 3359 magnitudinis

422 3393 568 3459 κατὰ
627 3397 740 3473 μὲν
785 3394 856 3456 τὸ
901 3392 1066 3477 πρὸς
1112 3393 1274 3471 ἡμᾶς
1321 3396 1388 3454 et
1431 3392 1582 3456 κατὰ
1627 3391 1700 3455 τὸ
1748 3390 1875 3455 κατ’
1922 3391 2075 3456 αὐτὸ
2120 3412 2249 3454 11011
2293 3391 2649 3477 invenitur3
2713 3415 2857 3458 eum

421 3515 633 3572 autem
701 3507 865 3572 hanc
913 3507 1380 3571 distinctionem
1424 3506 1829 3590 neglexerit,
1897 3527 2034 3570 rem
2080 3507 2379 3572 turbavit.
2468 3509 2642 3575 Dicit
2688 3511 2858 3574 enim

429 3647 580 3708 „nec
633 3604 1022 3690 nimio-solis
1065 3626 1264 3689 maior
1309 3631 1448 3691 rota
1491 3645 1610 3688 nec
1654 3625 1861 3688 minor
1904 3625 2089 3689 ardor
2134 3647 2271 3690 0880
2318 3633 2568 3712 potest,
2629 3629 2861 3693 nostris

424 3766 609 3829 quam
655 3743 942 3808 sensibus
988 3763 1126 3806 0880
1170 3743 1463 3807 videtur'’
1513 3744 1710 3825 (564,
1770 3744 1898 3819 65).
1961 3742 2133 3826 Ergo
2178 3750 2442 3829 possunt
2488 3766 2625 3809 esse
2669 3746 2859 3831 paulo

422 3862 664 3925 minora
708 3860 812 3925 vel
851 3860 1090 3925 maiora
1114 3910 1130 3943 ‚
1192 3859 1360 3946 quod
1391 3881 1483 3923 vs·
1518 3862 1643 3924 594
1670 3909 1686 3942 ,
1735 3862 1817 3923 95
1846 3858 2201 3943 affirmant,
2250 3867 2315 3925 et
2346 3867 2560 3925 tamen
2593 3861 2745 3926 dicit
2776 3862 2855 3928 de

424 3978 583 4043 sole:
638 3977 878 4060 „videri
901 3978 993 4040 nil
1021 3976 1180 4042 adeo
1210 3983 1283 4041 ut
1311 3977 1513 4062 possis
1533 3978 1678 4063 plus
1708 3982 1820 4042 aut
1848 3976 2058 4041 minus
2088 3978 2353 4062 addere,
2400 3980 2593 4043 vere”
2632 3982 2810 4064 (574)
2840 4030 2855 4065 ,

423 4242 531 4292 pag.
583 4231 676 4278 353
727 4244 786 4279 ea
829 4229 1018 4277 addunt
1048 4228 1112 4277 ad
1142 4227 1320 4289 verba,
1365 4243 1495 4293 quae
1526 4228 1793 4278 laudantur
1827 4243 1855 4277 0
1886 4226 2013 4276 libro
2048 4226 2127 4277 XI
2164 4230 2281 4291 περὶ
2313 4227 2539 4293 φύσεωςε
2576 4228 2662 4277 sed
2692 4243 2855 4292 neque

424 4320 494 4371 sic
525 4322 770 4373 sententia
799 4328 930 4372 recte
962 4321 1213 4386 procedit:
1251 4323 1394 4372 credo
1427 4323 1666 4387 quaedam
1698 4320 1955 4371 excidisse.

489 4415 526 4474 ¹)
588 4416 674 4465 Vs.
711 4418 805 4465 564
840 4430 973 4480 seqq.

487 4508 528 4575 ²)
596 4510 680 4561 Vs.
716 4511 826 4563 575.
897 4509 978 4560 Ita
1010 4510 1224 4575 Pythag.
1264 4509 1346 4574 (D.
1383 4510 1442 4559 L.
1478 4508 1614 4560 VIII
1639 4545 1652 4570 ,
1690 4507 1790 4573 27.)
1824 4508 2170 4570 Democritus,
2205 4508 2307 4559 alii.

487 4604 526 4669 ⁸)
593 4606 680 4656 Vs.
715 4608 827 4658 576.
895 4605 977 4655 Sic
1012 4604 1301 4657 Heraclitus
1363 4604 1514 4665 (Plut.
1547 4602 1672 4667 plac.
1709 4603 1785 4654 11.
1821 4604 1904 4668 28)
1938 4602 2137 4669 aliique.
2246 4598 2251 4602 ’

489 4698 530 4764 ⁴)
597 4700 661 4750 D.
697 4701 756 4751 L.
791 4702 854 4750 x.
891 4703 969 4749 94.
