3529 5359
1796 360 1917 422 108

639 559 842 622 omnis
908 560 1181 624 mundus
1224 561 1620 645 ignosceret,
1689 583 1887 648 quum
1930 559 2196 624 humore
2242 565 2616 646 consumpto
2660 581 2867 647 neque
2912 564 3087 624 terra

637 675 724 740 ali
782 683 995 760 posset
1062 699 1269 764 neque
1329 685 1645 744 remearet
1690 699 1834 760 aer,
1897 679 2077 742 cuius
2122 683 2297 741 ortus
2343 700 2507 763 aqua
2554 679 2725 742 omni
2770 676 3087 742 exhausta

640 812 776 856 esse
821 814 949 856 non
995 801 1249 880 posset3
1297 795 1386 859 ita
1429 795 1704 880 relinqui
1749 793 1914 858 nihil
1957 800 2212 880 praeter
2256 795 2515 878 ignem,
2564 817 2602 858 a
2645 816 2770 881 quo
2801 815 3083 876 rursum,

641 909 965 974 animante
1029 933 1103 975 ac
1173 911 1290 975 deo
1316 961 1332 994 ,
1398 912 1725 975 renovatio
1793 911 2013 975 mundi
2080 911 2261 975 fieret
2329 918 2521 997 atque
2589 911 2759 976 idem
2828 915 3090 975 ornatus

645 1028 973 1091 oreretur’'
1009 1029 1068 1105 ¹).
1161 1028 1405 1092 Seneca
1463 1035 1679 1092 autem
1745 1027 1919 1091 idem
1985 1028 2288 1092 affirmat:
2365 1051 2515 1110 „nos
2568 1049 2817 1115 quoque
2872 1029 3090 1110 felices

643 1142 894 1207 animae
963 1151 1028 1208 et
1095 1152 1356 1210 aeterna
1402 1148 1659 1211 sortitae
1709 1147 1933 1230 (verba
1990 1153 2138 1210 sunt
2197 1148 2433 1211 mortui
2481 1147 2713 1230 beati),
2761 1168 2906 1211 cum
2948 1147 3091 1210 Deo

643 1258 851 1322 visum
919 1261 1001 1323 sit
1062 1261 1296 1326 iterum
1329 1263 1477 1328 ista
1543 1262 1753 1326 moliri
1774 1312 1791 1346 ‚
1858 1262 2220 1328 labentibus
2277 1264 2520 1327 cunctis
2567 1269 2631 1327 et
2673 1264 2850 1349 ipsae
2894 1283 3094 1348 parva

642 1376 865 1442 ruinae
939 1379 1218 1462 ingentis
1291 1379 1566 1445 accessio
1639 1380 1702 1443 in
1783 1380 2047 1466 antiqua
2114 1381 2439 1444 elementa
2507 1377 2958 1457 vertemur”²).
3006 1416 3091 1426 --

647 1494 889 1568 Quodsi
953 1496 1152 1579 igitur
1220 1497 1416 1561 Stoici
1477 1496 1579 1560 hic
1627 1519 1754 1561 non
1799 1498 2177 1562 refelluntur
2225 1521 2264 1562 a
2308 1504 2502 1584 poeta
2544 1505 2761 1563 manet
2805 1497 3094 1585 quaestio

645 1612 904 1697 quinam
939 1612 1007 1677 hi
1039 1615 1164 1678 sint
1195 1614 1560 1679 adversarii.
1608 1617 1781 1679 Num
1812 1616 1999 1679 Plato
2032 1617 2295 1702 eiusque
2331 1616 2676 1702 discipuli?
2722 1616 3093 1680 Videamus.

731 1731 918 1794 Plato
987 1731 1150 1795 dixit
1207 1732 1394 1796 deum
1439 1734 1746 1798 mundum
1808 1755 2055 1797 creasse
2101 1733 2458 1819 perfectum
2484 1784 2500 1817 ,
2572 1734 2691 1797 sibi
2734 1734 2857 1818 ipsi
2903 1753 3096 1819 quam

647 1847 1071 1913 simillimum:
1117 1850 1185 1912 in
1230 1849 1350 1914 hoc
1395 1851 1631 1914 mundo
1677 1850 2073 1914 informando
2119 1850 2634 1937 perficiendoque
2667 1851 2892 1914 bonum
2922 1870 3099 1936 spec-

647 1965 843 2048 tavit,
878 1965 1163 2031 bonitate
1189 1989 1302 2030 sua
1323 1968 1525 2054 ipsius
1549 1968 1877 2032 adductus·
1926 1969 2213 2055 Ἀγαθὸς
2260 1973 2337 2061 ἦν
2388 1973 2445 2049 (ὁ
2495 1966 2791 2044 ξυνιστὰς
2836 1969 2948 2033 τὸν
2994 1971 3097 2033 κό-

649 2088 835 2165 σμον)
865 2131 882 2166 ,
929 2083 1154 2171 ἀγαθῷ
1200 2082 1262 2150 δὲ
1310 2083 1519 2161 οὐδεὶς
1562 2092 1701 2173 περὶ
1749 2085 2011 2163 οὐδενὸς
2045 2085 2339 2153 οὐδέποτε
2372 2090 2726 2172 ἐγγίγνεται
2759 2088 3027 2170 φθόνος·
3054 2085 3098 2166 3)

647 2203 875 2266 τούτου
937 2199 990 2268 δ’
1048 2205 1223 2282 ἐκτὸς
1282 2204 1370 2269 ὢν
1438 2208 1642 2269 πάντα
1689 2207 1784 2269 ὅτι
1828 2205 2101 2282 μάλιστα
2146 2207 2442 2289 ’γενέσθαι
2488 2201 2820 2289 ἐβουλήθη
2865 2230 3101 2284 παρα-

648 2317 962 2394 πλῆσια
1034 2323 1288 2406 ἑαυτῷ
1324 2341 1337 2355 ·
1386 2325 1615 2397 ταύτην
1673 2318 1748 2396 δὴ
1811 2324 2113 2406 ’γενέσεως
2160 2326 2254 2386 καὶ
2306 2323 2544 2403 κόσμου
2587 2320 2836 2402 μάλιστ’
2883 2319 2961 2383 ἄν
3006 2347 3103 2394 τις

647 2435 859 2520 ἀρχὴν
929 2435 1306 2519 κυριωτάτην
1368 2438 1513 2522 παρ’
1574 2435 1829 2522 ἀνδρῶν
1887 2442 2212 2522 φρονίμων
2260 2435 2736 2524 ἀποδεχόμενος
2786 2438 3101 2521 ὀρθότατα

647 2549 1004 2639 ἀποδέχοιτ’
1053 2553 1131 2618 ἄν
1168 2574 1180 2586 ·
1228 2552 1586 2640 βουληθεὶς
1633 2554 1754 2640 γὰρ
1805 2559 1840 2619 ὁ
1872 2556 2021 2633 θεὸς
2069 2555 2343 2641 ἀγαθά
2387 2560 2524 2636 μὲν
2571 2553 2854 2632 πάντα,
2909 2553 3102 2638 φλαῦ-

646 2698 764 2754 ρον
811 2667 873 2737 δὲ
919 2668 1110 2753 μηδὲν
1156 2672 1308 2738 εἶναι
1356 2672 1507 2738 κατὰ
1555 2669 1860 2756 δύναμιν,
1933 2673 2097 2739 οὕτω
2145 2670 2219 2750 δὴ
2266 2677 2393 2738 πᾶν
2416 2721 2435 2749 ,
2497 2675 2658 2738 ὅσον
2703 2677 2779 2749 ἦν
2828 2673 3101 2756 ὁρατὸν,

646 2788 1051 2874 παραλαβὼν
1119 2791 1246 2875 οὐχ
1315 2793 1596 2877 ἡσυχίαν
1664 2791 1869 2876 ἄγον,
1936 2789 2107 2856 α’λλᾶ
2152 2794 2520 2871 κινούμενον
2568 2790 2956 2872 πλημμελῶς
3003 2793 3099 2855 καὶ

650 2904 933 2984 ἀτάκτως
958 2956 977 2983 ,
1053 2910 1140 2981 εἰς
1201 2905 1386 2982 τάξιν·
1455 2909 1606 2972 αὐτὸ
1685 2908 1927 2994 ἤγαγεν
2002 2911 2064 2973 ἐκ
2137 2918 2247 2984 τῆς
2325 2906 2620 2986 ἀταξίας,
2700 2905 3101 2993 ἡγησάμενος

649 3025 843 3089 ἐκεῖνο
888 3028 1115 3089 τούτου
1160 3023 1414 3101 πάντως
1460 3026 1711 3109 ἄμεινον
1744 3045 1757 3058 ·
1828 3030 2046 3109 θέμις
2095 3024 2173 3091 δὲ
2223 3024 2390 3091 οὔτ’
2437 3030 2528 3102 ἦν
2574 3023 2740 3090 οὔτ’
2791 3025 2963 3090 ἔστι
3006 3028 3103 3109 τῷ

649 3141 922 3227 ἀρίστῳ
969 3140 1151 3226 δρᾶν
1199 3143 1403 3207 ἄλλο
1434 3143 1643 3219 πλὴν
1689 3145 1760 3209 τὸ
1810 3141 2725 3228 κᾶλλιστον·λογισα’μενος
2773 3140 2889 3207 οὖν
2941 3142 3097 3226 εὕρι-

650 3287 793 3325 σκεν
824 3262 887 3324 ἐκ
918 3264 1044 3325 τῶν
1075 3259 1227 3325 κατὰ
1259 3263 1450 3345 φύσιν
1485 3264 1731 3345 ὁρατῶν
1763 3259 1947 3327 οὐδὲν
1981 3262 2259 3337 ἀνόητον
2290 3268 2402 3325 τοῦ
2439 3267 2595 3325 νοῦν
2632 3260 2902 3345 ’ἔχοντος
2937 3258 3100 3323 ὅλον

651 3376 811 3443 ὅλου
857 3376 1124 3442 κάλλιον
1171 3377 1424 3442 ἔσεσθαί
1469 3379 1608 3442 ποτ’
1653 3377 1845 3464 ’ἔργον
1864 3423 1884 3455 ,-
1927 3385 2082 3443 νοῦν
2116 3375 2266 3443 ὃάὗ
2301 3382 2504 3476 χωρὶς
2538 3381 2753 3463 ψυχῆς
2786 3374 3101 3442 ἀδύνατον

648 3498 1112 3580 παραγενέσθαι
1179 3485 1264 3579 τῳ
1299 3514 1312 3527 ·
1386 3492 1513 3560 Sca*
1578 3493 1667 3571 δὴ
1728 3498 1866 3560 τὸν
1926 3494 2336 3577 λογισμὸν
2406 3493 2635 3559 τόνδε
2708 3500 2901 3558 νοῦν
2965 3497 3103 3574 μὲν

651 3614 732 3676 ἐν
778 3615 1038 3698 ψυχῇ,
1105 3614 1382 3699 ψυχὴν
1448 3609 1522 3677 δὲ
1579 3615 1658 3677 ἐν
1707 3613 2018 3693 σώματι
2081 3610 2482 3686 Ξυνιστᾶς
2534 3611 2621 3674 τὸ
2684 3616 2839 3675 πᾶν
2887 3606 3103 3682 ξυνε-

650 3734 1156 3805 τεκταίνετο,
1224 3734 1438 3805 ὅπως
1501 3734 1623 3794 ὅτι
1671 3727 2136 3795 κάλλιστον
2207 3728 2327 3804 εἴη
2397 3726 2593 3793 κατὰ
2651 3730 2894 3812 φύσιν
2940 3726 3105 3811 ἄρι-

653 3848 848 3911 στόν
927 3874 998 3911 τε
1070 3847 1318 3933 ἔργον
1392 3845 2177 3932 α’πειρ-γασμένος4),
2244 3846 2509 3920 οὕτως
2582 3843 2725 3909 οὖν
2772 3841 2860 3920 δὴ
2908 3844 3103 3908 κατὰ

723 4140 759 4201 ¹)
830 4139 930 4189 Cic.
967 4141 1026 4189 de
1059 4145 1160 4189 nat.
1196 4141 1326 4191 deor.
1364 4141 1453 4201 ΙΙ,
1490 4144 1598 4190 118.

715 4236 757 4297 2)
831 4236 975 4286 Cons.
1012 4237 1075 4285 ad
1111 4236 1267 4285 Marc.
1305 4240 1399 4297 26,
1435 4237 1478 4288 7.

720 4333 760 4395 ³)
833 4332 908 4381 cf.
947 4349 1020 4382 vs.
1061 4336 1183 4380 156:
1231 4331 1392 4381 (licere
1447 4348 1589 4395 porro
1638 4331 1897 4381 hominum
1947 4346 2094 4379 causa
2143 4329 2358 4379 voluisse
2398 4344 2567 4393 parare
2600 4327 2896 4391 praeclaram
2928 4328 3107 4376 mundi

649 4434 878 4477 naturam
912 4433 1026 4477 cett.

718 4522 757 4585 ⁴)
831 4521 904 4570 cf.
946 4524 1064 4569 196:
1102 4520 1193 4569 hoc
1227 4526 1394 4585 tamen
1427 4537 1488 4568 ex
1521 4520 1642 4583 ipsis
1677 4520 1801 4569 caeli
1834 4519 2109 4569 rationibus
2142 4518 2301 4567 ausim
2336 4518 2620 4567 confirmare
2643 4517 2849 4581 aliisque
2871 4531 2933 4565 ex
2954 4515 3105 4565 rebus

650 4618 850 4667 reddere
899 4615 1070 4665 multis
1086 4652 1099 4676 ‚
1153 4632 1464 4679 nequaquam
1497 4616 1637 4665 nobis
1671 4615 1916 4664 divinitus
1952 4631 2057 4663 esse
2088 4620 2310 4677 paratam
2341 4620 2570 4663 naturam
2602 4628 2765 4663 rerum
2784 4650 2797 4675 ‚
2834 4618 2970 4661 tanta
3002 4618 3106 4660 stat

641 4715 868 4776 prce-edita
901 4714 1052 4773 culpa.
