3529 5359
1663 403 1742 466 19

478 604 714 668 omittit
793 625 988 687 vero,
1073 603 1242 690 quod
1308 605 1377 668 in
1451 603 1726 669 laudatis
1800 603 2065 690 Epicuri
2138 605 2347 670 verbis
2418 607 2724 692 legimus:
2798 609 2923 674 nisi

475 743 748 786 vacuum
795 721 906 804 sit,
955 742 1218 806 corpora
1261 743 1390 785 non
1433 721 1672 786 habere
1719 721 1827 785 ubi
1870 723 2035 804 sint,
2098 721 2267 808 quod
2311 728 2529 788 tamen
2572 747 2665 789 vs.
2698 729 2817 790 421
2856 732 2923 790 et

477 841 601 901 427
672 839 739 902 111
809 839 1214 903 conclusione
1284 839 1686 922 invenimus;
1755 846 1969 904 cetera
2035 841 2359 926 pertinent
2408 842 2507 906 ad·
2537 865 2809 908 vacuum
2854 845 2924 909 in

479 957 844 1042 corporibus
907 958 1013 1022 vel
1081 957 1350 1040 genitis,
1419 963 1492 1021 ut
1558 964 1867 1022 vocantur
1936 980 2027 1022 νε.
2099 961 2259 1041 511,
2319 960 2511 1024 rebus
2546 963 2590 1044 ¹)
2652 967 2717 1026 et
2760 961 2925 1026 nihil

479 1094 814 1138 commune
876 1073 1117 1138 habent
1178 1095 1322 1138 cum
1391 1075 1500 1138 illo
1548 1075 1771 1159 prim0.
1866 1076 1945 1140 In
1990 1076 2403 1161 sequentibus
2448 1099 2539 1142 νε.
2589 1081 2757 1161 421,
2807 1082 2923 1164 27,

458 1193 603 1273 .82,
653 1194 776 1256 505
825 1199 977 1256 cett.
1027 1198 1340 1278 perpetuo
1387 1190 1466 1256 de
1497 1213 1699 1256 vacuo
1731 1193 2021 1257 absoluto
2050 1195 2331 1279 loquitur
2360 1201 2568 1280 poeta.
2618 1196 2923 1281 Singula,

481 1328 644 1392 quae
691 1309 1030 1372 Lucretius
1076 1313 1455 1393 argumenta
1498 1309 1684 1372 affert
1729 1315 1794 1372 et
1839 1309 2309 1394 phaenomena,
2359 1312 2588 1397 quibus
2612 1312 2924 1396 nituntur,

479 1425 744 1489 fortasse
793 1447 877 1490 ex
921 1425 1200 1511 Epicuro
1249 1431 1397 1489 sunt
1441 1431 1668 1489 sumta.

566 1544 854 1607 Primum
939 1544 1108 1607 enim
1183 1543 1446 1629 Epicuri
1522 1565 1701 1625 esse,
1786 1494 2052 1628 apparet
2126 1565 2210 1607 ex
2290 1543 2651 1610 Aristotelis
2729 1546 2925 1632 Phys.

480 1661 599 1726 IV.
649 1663 727 1743 6,
712 1711 727 1751 ,
797 1661 906 1725 ubi
951 1659 1111 1725 haec
1157 1661 1352 1725 verba
1397 1681 1432 1724 e
1477 1661 1845 1724 Democrito
1893 1665 1958 1723 et
2002 1661 2332 1746 Leucippo
2378 1663 2611 1726 sumit:
2679 1665 2755 1730 οὐ
2802 1667 2927 1750 γὰρ

482 1779 562 1844 ἂν
609 1775 811 1844 δοκεῖν
859 1779 1010 1844 εἶναι
1057 1757 1340 1856 κίνησιν,
1409 1783 1456 1844 εἰ
1503 1781 1587 1861 μὴ
1633 1779 1722 1854 εἴη
1772 1781 1995 1843 κενόν·
2042 1779 2114 1843 τὸ
2160 1778 2285 1865 γοῖρ
2332 1779 2569 1866 πλῆρες
2616 1777 2930 1847 ἆὸὖνατον

482 1896 637 1962 εἶναι
704 1893 1004 1970 δέξασθαί
1069 1925 1146 1962 τι.
1262 1895 1627 1960 Secundum
1694 1901 1912 1958 autem
1972 1896 2051 1959 ab
2112 1894 2391 1981 Epicuro
2455 1918 2490 1960 e
2558 1898 2929 1963 Democrito

483 2019 808 2098 sumptum
857 2034 1040 2096 esse,
1089 2034 1173 2076 ex
1203 2012 1444 2091 ¹eodem
1476 2013 1684 2098 capite
1715 2012 1935 2076 videre
1966 2012 2118 2076 licet
2146 2017 2163 2076 ε’
2216 2015 2323 2078 ἕνα
2366 2019 2478 2097 μὲν
2524 2013 2641 2080 οὖν
2686 2019 2931 2100 τρόπον

483 2135 550 2196 ἐκ
614 2135 856 2196 τούτων
927 2129 1314 2196 δεικνύουσιν
1383 2134 1479 2196 ὅτι
1546 2131 1671 2196 ’ἐστι
1737 2159 1793 2195 τι
1841 2133 2058 2208 κενόν,
2118 2129 2329 2224 ἄλλον
2397 2128 2450 2196 δ’
2483 2135 2591 2197 ὅτι
2654 2137 2932 2217 φαίνεται

479 2248 608 2314 ’ἔνια
677 2250 976 2313 συνιόντα
1045 2253 1142 2313 καὶ
1212 2249 1594 2330 πιλοῦμενα,
1665 2248 1807 2313 οἷον
1878 2253 1974 2312 καὶ
2046 2248 2161 2312 τὸν
2208 2247 2389 2313 οἶνόν
2438 2263 2587 2333 φασι
2634 2246 2928 2337 δέχεσθαι

482 2364 633 2448 μετά
698 2371 825 2431 τῶν
892 2367 1106 2432 ἀσκῶν
1173 2367 1323 2442 τοὺς
1391 2369 1666 2446 πίθους,
1737 2367 1823 2444 ὡς
1883 2368 1971 2440 εἷς
2016 2363 2091 2429 τά
2136 2367 2359 2430 ἐνόντα
2406 2365 2547 2430 sceva*
2594 2369 2929 2445 συνιόντος

485 2489 599 2546 τοῦ
664 2486 1094 2564 πυκνουμέυου
1143 2483 1452 2563 σώματος.
1538 2480 1829 2543 Tertium
1889 2501 2139 2565 quoque
2193 2480 2554 2544 invenimus
2597 2481 2664 2544 111
2703 2479 2928 2545 eodem

486 2597 738 2685 capite:
813 2599 895 2665 ’ἔτι
953 2596 1015 2664 δὲ
1065 2603 1161 2664 καὶ
1210 2601 1247 2674 ἡ
1296 2597 1558 2676 αὔξησις
1606 2596 1773 2664 δοκεῖ
1817 2604 1967 2664 πᾶσι
2013 2602 2349 2685 γίγνεσθαι
2396 2594 2494 2664 Sta*
2542 2605 2723 2664 κενοῦ
2756 2619 2771 2634 ·
2817 2586 2953 2676 τὴν

483 2722 598 2800 μὲν
657 2716 779 2803 γὰρ
841 2720 1087 2803 τροφὴν
1149 2722 1328 2799 σῶμα
1392 2716 1570 2791 εἶναι,
1637 2713 1750 2783 δύο
1814 2713 1876 2783 δε
1923 2717 2177 2797 σώματα
2222 2714 2538 2782 ἆδῦνατον
2585 2716 2709 2799 ἅμα
2756 2717 2930 2782 εἶναι.

487 2834 800 2909 Quartum
847 2839 1062 2899 autem
1111 2856 1256 2898 cum
1303 2833 1580 2898 secundo
1624 2834 1815 2919 plane
1862 2833 2195 2897 convenit:
2258 2855 2460 2919 aquae
2504 2834 2643 2897 loco
2687 2832 2793 2897 hic
2826 2834 2935 2897 fri-

487 2977 609 3040 gus
655 2962 720 3019 et
765 2956 937 3019 calor
982 2959 1412 3040 usurpantur,
1453 2975 1615 3039 quae
1641 2952 1989 3036 secundum
2014 2952 2408 3038 Epicurum,
2440 2974 2585 3016 cum
2610 2951 2770 3016 nihil
2795 2972 2934 3017 esse

487 3080 744 3159 praeter
769 3094 1032 3158 corpora
1077 3076 1142 3135 et
1166 3091 1441 3135 vacuum
1466 3075 1810 3152 statueret,
1838 3070 2007 3134 inter
2030 3092 2296 3156 corpora
2318 3075 2498 3133 erant
2520 3069 2934 3133 numeranda.

487 3190 800 3264 Quintum
860 3188 1030 3274 apud
1075 3188 1512 3251 Democritum
1568 3188 1862 3251 exstabat
1912 3186 2259 3252 secundum
2305 3185 2817 3271 Theophrastum
2848 3186 2930 3264 ²):

487 3305 664 3394 βαρὺ
727 3312 839 3388 μὲν
907 3306 1024 3371 οὖν
1082 3310 1178 3371 καὶ
1228 3312 1468 3390 κοῦφον
1513 3310 1600 3391 τῷ
1645 3308 1889 3391 μεγέθει
1936 3302 2150 3390 διαιρεῖ
2198 3307 2595 3389 Δημόκριτος
2628 3324 2642 3339 ·
2690 3304 2766 3368 οὗ
2810 3306 2937 3385 μὴν

489 3424 641 3490 ἀλλ’
703 3424 768 3489 ἕν
821 3452 893 3509 γε
936 3431 1073 3498 τοῖς
1117 3432 1356 3503 μικτοῖς·
1402 3424 1785 3507 κουφότερον
1834 3422 1912 3486 ἂν
1959 3422 2111 3487 εἶναι
2156 3421 2227 3485 τὸ
2276 3419 2474 3485 πλέον
2522 3420 2676 3507 ἕχον
2722 3422 2934 3501 κενόν,

488 3538 851 3626 βαρύτερον
920 3536 982 3605 δὲ
1043 3539 1115 3604 τὸ
1162 3538 1446 3627 ’ἔλατ-του.
1537 3537 1707 3611 Quin
1755 3538 1948 3601 etiam
1994 3537 2170 3601 illam
2216 3534 2639 3600 obiectionem
2686 3534 2763 3599 de
2808 3536 2935 3621 pis-

492 3655 672 3720 cibus
734 3656 801 3718 in
859 3677 1026 3741 aqua
1087 3654 1387 3718 nantibus
1447 3674 1532 3717 ex
1593 3653 1873 3739 Epicuro
1934 3658 2253 3739 sumptam
2302 3673 2439 3716 esse
2489 3652 2833 3715 verisimile
2864 3652 2937 3715 fit

491 3770 668 3835 hisce
713 3771 955 3852 verbiS,
1018 3791 1181 3857 quae
1223 3770 1289 3832 in
1341 3772 1406 3831 7⁰
1452 3770 1658 3855 capite
1703 3770 2071 3833 Aristotelis
2125 3769 2165 3832 1.
2214 3769 2255 3832 1.
2303 3768 2690 3854 reperimus:
2738 3768 2937 3833 αἴτιον

491 3886 555 3955 δὲ
603 3893 900 3968 κινήσεως
934 3888 1171 3953 οἴονται
1195 3886 1348 3952 εἶναι
1369 3887 1442 3952 τὸ
1469 3890 1650 3953 κενὸν
1681 3888 1884 3967 οὕτως
1920 3889 2006 3968 ὡς
2039 3891 2104 3953 ἐν
2136 3884 2185 3973 ᾦ
2220 3895 2469 3952 κινεῖται
2496 3907 2510 3921 ·
2557 3891 2746 3951 τοῦτο
2780 3882 2832 3951 δ’
2858 3886 2936 3949 ἂν

494 4007 584 4083 εἰἠ
630 4008 770 4073 οἷον
814 4007 928 4072 τὸν
974 4008 1177 4071 τόπον
1225 4009 1379 4090 φασί
1422 4033 1586 4080 τινες
1633 4005 1787 4070 εἶναι
1814 4026 1827 4040 ·
1878 4002 2128 4087 οὐδεμία
2178 4000 2229 4069 δ’
2259 4002 2534 4089 ἀνάγκη,
2602 4005 2649 4067 εἶ
2696 4006 2938 4077 κίνησις

409 4424 414 4433 ι
495 4365 630 4429 quod
662 4363 807 4414 inane
840 4363 1093 4428 vocamus)
1133 4360 1635 4427 καταλαμβανομένη
1671 4361 1719 4411 δὲ
1755 4362 1856 4413 ὑπὸ
1894 4362 2149 4423 σώματος,
2178 4362 2337 4417 τόπος
2360 4362 2586 4407 καλεῖται
2614 4356 2766 4421 (apud
2790 4357 2937 4407 Luor.

496 4462 642 4509 inane
677 4458 730 4519 Ι,
761 4462 854 4507 420
872 4496 886 4519 ,
920 4458 1058 4507 locus
1091 4459 1207 4519 eto.)
1233 4458 1538 4521 χωρούντων
1573 4456 1621 4505 δὲ
1648 4455 1706 4505 δι’
1743 4458 1905 4515 αὐτῆς
1932 4454 2179 4518 σωμάτων
2203 4456 2343 4517 χώρα
2368 4455 2577 4517 γίνεται.
2604 4452 2771 4517 (Luor.
2795 4453 2941 4501 inane

498 4553 588 4613 ΙΙ,
625 4556 732 4613 217,
769 4556 890 4612 222,
929 4556 1053 4613 226,
1087 4550 1235 4601 inane
1268 4567 1481 4601 vacuum
1517 4550 1609 4610 ΙΙ,
1650 4553 1769 4610 158,
1806 4548 1937 4612 236).

567 4649 607 4713 ¹)
678 4648 776 4697 Res
811 4667 870 4695 =
904 4664 982 4697 res
1015 4648 1210 4711 genitae
1229 4684 1242 4708 ,
1278 4663 1454 4710 corpus
1486 4661 1630 4709 saepe
1656 4664 1714 4691 =
1735 4644 1963 4695 materies
1983 4678 1997 4704 ,
2033 4647 2089 4691 ut
2122 4642 2183 4703 Ι,
2222 4644 2347 4703 336,
2384 4643 2442 4689 61
2478 4644 2529 4690 et
2548 4638 2748 4703 passim.

564 4743 609 4807 ²)
679 4746 800 4809 Περὶ
845 4742 1056 4805 necerim.
1095 4746 1173 4791 61.

2592 4830 2678 4895 2*
