3529 5359
1662 353 1735 415 71

475 552 736 638 losopho
803 575 932 618 non
977 554 1342 637 dissentire,
1391 575 1596 641 neque
1643 555 1724 618 ad
1771 554 2125 618 doctrinam
2172 555 2309 619 eius
2354 554 2700 642 quidquam
2744 556 2919 621 addi-

477 669 676 753 disse,
745 692 953 756 neque
998 693 1160 758 quae
1220 672 1450 735 vitiosa
1495 673 1620 736 sint
1667 671 2077 736 emendasse:
2145 671 2305 735 nihil
2350 673 2502 736 fecit
2545 695 2735 759 quam
2781 675 2917 738 eius

474 786 943 874 philosophiam
1019 790 1427 874 interpretari
1500 789 1740 874 optima
1802 806 1952 853 cum·
2007 789 2151 853 fide.
2241 790 2349 854 Ad
2415 797 2663 876 partem
2689 841 2705 874 ,
2792 813 2917 878 qua

475 905 759 969 animum
803 907 1135 970 mortalem
1181 927 1320 970 esse
1369 906 1801 994 demonstrat,
1846 912 2261 970 transeamus.

561 1021 666 1085 Ex
697 1023 774 1086 iis
801 1072 816 1104 ,
850 1044 1011 1108 quae
1042 1022 1464 1108 praecedunt,
1499 1023 1726 1109 cuique
1758 1022 2005 1109 patebit
2032 1073 2048 1106 ,
2095 1023 2589 1110 philosophum,
2625 1024 2728 1088 cui
2756 1023 2915 1089 haec

474 1139 868 1224 placuerint,
939 1140 1194 1204 omnino
1240 1141 1451 1204 animo
1501 1140 2047 1204 immortalitatem
2115 1141 2397 1204 tribuere
2442 1163 2570 1205 non
2612 1143 2913 1227 potuisse.

476 1255 604 1320 Sed
635 1263 849 1321 tamen
881 1258 1218 1322 Lucretius
1249 1279 1507 1343 operam
1539 1257 1714 1322 dedit
1740 1260 1853 1340 (vs.
1874 1259 2242 1342 417—828)
2275 1307 2291 1340 ,
2317 1264 2389 1322 ut
2414 1259 2610 1322 animi
2624 1265 2915 1323 naturam

475 1373 755 1437 nativam
823 1397 896 1438 ac
962 1376 1296 1440 mortalem
1357 1396 1494 1439 esse
1540 1376 1757 1439 multis
1803 1376 2196 1459 argumentis
2244 1375 2743 1459 demonstraret,
2790 1397 2913 1462 quo

473 1490 641 1554 facto
709 1493 1004 1576 sperabat
1057 1513 1123 1556 se
1169 1513 1420 1556 omnem
1465 1493 1686 1557 mortis
1732 1493 2027 1557 timorem
2072 1513 2156 1556 ex
2197 1493 2525 1578 hominum
2571 1493 2758 1558 corde
2803 1515 2914 1558 ex-

473 1609 804 1692 pulsurum
852 1629 1008 1672 esse.
1057 1609 1287 1674 Omnia
1330 1615 1565 1691 autem,
1609 1629 1772 1695 quae
1802 1609 2061 1694 profert,
2094 1615 2470 1693 argumenta
2498 1610 2566 1673 in
2594 1611 2673 1674 iis
2703 1612 2914 1674 nitun-

474 1734 607 1810 tur,
667 1747 830 1812 quae
898 1748 1088 1812 supra
1156 1727 1234 1790 de
1301 1728 1511 1791 animo
1559 1726 1723 1789 dixit
1778 1731 1845 1790 et
1888 1727 2077 1812 plane
2127 1748 2273 1792 cum
2322 1727 2586 1813 Epicuri
2631 1727 2916 1792 doctrina

474 1819 886 1928 congruunt.>
939 1844 1112 1907 Num
1181 1849 1394 1908 tamen
1457 1845 1670 1907 omnia
1729 1864 1814 1907 ex
1880 1842 2143 1929 Epicuri
2190 1844 2442 1930 scriptis
2488 1845 2911 1931 excerpserit,

464 1960 586 2024 'vix
653 1960 966 2025 affirmare
1033 1971 1366 2047 possumus
1433 1960 1933 2050 fragmentorum
1998 1961 2319 2046 paucitate
2364 1961 2700 2046 impediti:
2774 1963 2911 2048 ipse

477 2083 694 2142 autem
763 2077 915 2142 dicit
981 2097 1058 2142 ea
1130 2078 1521 2163 „conquisita
1587 2077 1695 2140 diu
1757 2077 2051 2164 dulcique
2121 2079 2306 2161 (esse)
2350 2085 2608 2164 reperta
2652 2079 2909 2144 labore'’

481 2196 681 2278 (419),
728 2195 957 2281 quibus
981 2195 1192 2258 verbis
1217 2194 1514 2259 docemur
1536 2200 1773 2280 quanta
1801 2195 2111 2258 industria
2139 2195 2206 2258 in
2233 2194 2397 2282 hanc
2430 2196 2637 2281 operis
2667 2202 2915 2282 partem

477 2311 842 2376 incubuerit
906 2316 1140 2398 poeta,
1210 2318 1401 2397 atque
1462 2332 1540 2376 ea
1584 2317 1963 2396 argumenta
2004 2333 2132 2375 non
2178 2311 2476 2398 deinceps
2522 2333 2606 2377 ex
2650 2312 2913 2401 Epicuri

473 2430 654 2493 libris
697 2436 836 2516 περὶ
883 2432 1133 2516 φύσεως
1179 2431 1589 2515 transscripta
1635 2451 1771 2494 esse
1809 2431 1877 2514 ¹).
2460 2407 2463 2410 Δ

561 2548 849 2611 Primum
915 2548 1143 2633 probat
1211 2537 1492 2611 animum
1551 2549 1642 2610 ita
1710 2568 1855 2611 cum
1900 2551 2160 2634 corpore
2208 2548 2613 2612 coniunctum
2658 2569 2795 2613 esse
2840 2555 2913 2613 ut

477 2687 606 2729 una
672 2687 815 2729 cum
885 2686 960 2729 eo
1027 2665 1235 2730 varias
1303 2665 1527 2729 subeat
1591 2665 2017 2749 mutationeS,
2074 2665 2243 2752 quod
2288 2688 2479 2752 supra
2523 2667 2649 2731 iam
2693 2666 2911 2753 paucis

475 2783 780 2853 indicavit
848 2790 962 2862 (νε.
1033 2785 1417 2865 417-668).
1489 2782 1680 2847 Vasis
1746 2783 2001 2866 imagO,
2074 2786 2201 2847 440
2246 2804 2417 2871 seqq.
2467 2805 2610 2848 cum
2656 2785 2910 2849 omnino

474 2900 712 2985 optime
759 2901 1077 2986 exprimat
1121 2900 1583 2985 Epicureorum
1649 2900 2011 2986 opinionem
2037 2950 2053 2983 ,
2101 2901 2211 2988 qui
2256 2902 2454 2966 animi
2494 2908 2739 2967 atomos
2778 2924 2911 2967 cor-

470 3038 624 3103 pore
691 3018 1002 3082 contineri
1067 3018 1408 3099 volebant,
1479 3039 1624 3082 cum
1692 3018 1890 3084 Stoici
1958 3020 2239 3083 animum
2299 3019 2583 3106 dicerent
2628 3022 2908 3107 corporis

473 3141 714 3200 atomos
760 3136 1118 3218 continere,
1173 3136 1424 3221 saepius
1468 3136 1548 3199 ab
1594 3156 1668 3199 eo
1713 3143 2054 3222 usurpatur
2098 3142 2163 3200 et
2208 3137 2287 3201 ab
2334 3138 2474 3201 aliis
2518 3138 2911 3225 philosophis

473 3252 590 3336 (Of.
637 3253 846 3317 Munr.
895 3252 976 3317 ad
1019 3274 1110 3317 νε.
1159 3255 1335 3335 440).
1383 3254 1590 3317 Simili
1634 3254 1915 3339 imagine
1962 3259 2026 3319 et
2072 3255 2295 3319 eodem
2340 3262 2714 3340 argumento
2760 3256 2911 3342 Epi-

477 3392 698 3435 curum
745 3392 930 3435 usum
975 3390 1113 3435 esse
1160 3370 1334 3435 Stob.
1383 3371 1519 3435 Ecl.
1567 3395 1627 3458 p.
1678 3348 1803 3479 92p
1850 3377 2158 3435 testatur:
2216 3377 2327 3453 „Ei
2376 3370 2439 3439 δὲ
2484 3378 2911 3459 παρέσπαρται

469 3494 580 3573 μὲν
629 3494 724 3555 καὶ
773 3489 1010 3555 ἔνεστιν
1064 3491 1101 3564 ἡ
1149 3492 1325 3575 ψυχὴ
1371 3494 1458 3575 τῷ
1505 3491 1737 3571 σώματι
1784 3422 2247 3597 xassdvrszsffl’
2219 3494 2392 3575 ασκῷ
2437 3497 2674 3572 πνεῦμα
2718 3518 2910 3577 περιε-

471 3604 704 3691 χυμένη
773 3604 810 3681 ἢ
879 3607 1339 3691 συμμιγνυμένη
1407 3607 1569 3690 πρὸς
1617 3606 1771 3671 αὐτό
1794 3653 1811 3684 ‚
1877 3610 1975 3670 και
2022 3588 2419 3691 ἐγκινουμένη
2467 3607 2672 3691 ὥσπερ
2718 3608 2793 3671 τὰ
2841 3609 2907 3672 ἐν

471 3727 558 3808 τῷ
624 3724 752 3809 ἆέρι
823 3721 1102 3806 ξύσματα
1172 3704 1269 3789 8ιᾶ
1336 3729 1464 3789 τῶν
1532 3722 1811 3809 θυρίδων
1858 3725 2238 3809 φαινόμενα,
2310 3720 2509 3799 δῆλόν
2554 3752 2704 3790 που
2720 3731 2908 3790 τοῦτο

475 3840 571 3902 ὅτι
639 3836 860 3911 ἔξεισιν
916 3844 1028 3921 μὲν
1097 3838 1221 3905 ἀπὸ
1269 3846 1380 3903 τοῦ
1431 3841 1760 3922 σώματος,
1823 3842 1887 3905 ἐν
1934 3836 1997 3905 δὲ
2042 3844 2129 3926 τῷ
2175 3838 2488 3925 ἐκβαίνειν
2535 3838 2909 3926 διαφορεῖται

472 3957 569 4018 καὶ
631 3950 1134 4021 ὃιασκεὸἄννυται
1180 3954 1574 4038 (578-612)
1601 4005 1618 4035 ‚
1679 3958 1883 4042 ὥσπερ
1951 3958 2344 4042 Δημόκριτος
2390 3961 2485 4021 καὶ
2530 3957 2909 4043 Ἐπίκουρος

472 4048 899 4176 ἆποφαίνὲται.
986 4072 1235 4136 Deinde
1299 4072 1445 4155 (hoc
1489 4074 1761 4137 alterum
1808 4079 1905 4137 est
1948 4074 2413 4157 argumentum)
2460 4093 2604 4136 cum
2649 4092 2907 4159 corpore

472 4286 590 4293 ——-—-·

537 4398 573 4461 ¹)
644 4396 888 4445 Refellere
920 4395 1044 4445 mihi
1076 4395 1272 4445 videtur
1302 4396 1384 4445 hic
1416 4412 1586 4446 versus
1619 4412 1730 4445 cum
1766 4395 2015 4445 Martham
2050 4394 2115 4459 (le
2149 4395 2322 4459 poeme
2354 4396 2414 4446 de
2436 4396 2651 4445 Lucrece
2673 4399 2765 4446 etc.
2789 4412 2901 4461 pag.

477 4496 582 4551 134)
633 4492 875 4541 dicentem
916 4491 988 4553 „il
1027 4507 1090 4540 ne
1123 4491 1216 4541 fait
1245 4491 1615 4555 probablement
1647 4508 1742 4557 que
1776 4496 1951 4541 mettre
1983 4507 2045 4541 en
2077 4507 2189 4541 vers
2224 4492 2435 4557 quelque
2467 4492 2590 4541 livre
2622 4492 2903 4555 epicurien'’

469 4594 581 4637 tum
630 4587 797 4636 Munr.
833 4588 1186 4636 affirmantem:
1240 4587 1267 4636 1
1300 4586 1428 4637 have
1460 4603 1526 4637 no
1556 4588 1710 4637 doubt
1741 4587 1863 4652 they
1896 4602 2025 4636 were
2058 4586 2125 4635 all
2159 4591 2234 4637 set
2267 4586 2399 4637 forth
2431 4587 2485 4636 in
2516 4603 2609 4637 one
2642 4588 2699 4637 of
2724 4587 2809 4638 the
2842 4588 2903 4642 37

469 4683 626 4733 books
659 4684 715 4733 of
741 4683 985 4747 Epicurus
1019 4686 1133 4748 περὶ
1167 4684 1356 4747 φύσεως
1397 4684 1477 4744 (ad
1505 4700 1580 4733 vs.
1617 4685 1708 4735 417
1741 4699 1853 4747 pag.
1888 4682 2020 4748 483).
