3529 5359
1862 333 1985 395 124

700 530 948 618 pondus
1016 533 1324 598 sentimus
1367 535 1616 601 inesse'’
1666 538 1815 616 (539
1860 537 2075 622 seqq).
2164 533 2309 599 Hoc
2352 535 2491 620 ipso
2536 534 2707 622 quod
2758 533 3165 616 „communi-

703 647 819 712 bus
884 650 1053 714 inter
1119 671 1186 714 se
1247 651 1562 716 radicibus
1625 651 1935 716 haerent”
1998 657 2168 714 terra
2234 656 2301 714 et
2366 671 2503 733 aer,
2566 651 2706 714 fieri
2752 657 3005 736 potest,
3076 656 3167 714 ut

700 785 811 829 aer
877 771 1110 830 terram
1175 768 1526 852 sustineat,
1593 790 1712 834 nec
1782 789 1897 832 sua
1962 768 2275 852 gravitate
2342 773 2512 832 terra
2578 767 2777 832 sidat:
2848 774 2921 831 ut
2978 768 3159 831 levis

701 880 799 943 vis
864 881 1060 944 animi
1127 902 1321 968 grave
1389 905 1615 970 corpus
1673 889 1892 947 movet
1958 883 2355 970 sustinetque
2383 931 2399 964 ‚
2471 882 2559 946 sic
2622 883 2784 945 levis
2843 882 2953 946 ille
2996 903 3113 947 aer
3138 931 3160 964 ,

704 997 1078 1062 coniunctus
1150 1020 1294 1064 cum
1362 1001 1542 1087 gravi
1601 1007 1810 1066 terrae
1878 1022 2138 1086 corpore
2164 1051 2181 1084 ,
2240 1000 2309 1065 id
2378 1000 2648 1064 sustinet
2702 1000 2977 1086 facitque
3008 1049 3026 1082 ,
3075 1005 3165 1064 ut

702 1113 772 1177 in
830 1114 1042 1179 media
1085 1117 1306 1180 mundi
1351 1117 1613 1202 regione
1645 1118 1927 1203 quiescat
1959 1119 2026 1201 ¹).
2099 1116 2409 1181 Attamen
2461 1116 2809 1180 tenendum
2863 1122 2958 1179 est
3018 1121 3160 1180 ter-

705 1251 841 1294 ram
886 1238 1135 1296 tantum
1169 1234 1222 1296 si
1250 1233 1472 1298 mundi
1504 1241 1718 1320 partes
1746 1234 2121 1320 respicimus
2154 1233 2514 1320 quiescere:
2568 1255 2712 1298 cum
2744 1240 2877 1298 toto
2908 1233 3157 1298 mundo

710 1353 926 1412 tamen
973 1356 1038 1413 et
1081 1350 1373 1414 omnibus
1417 1351 1560 1416 aliis
1603 1351 1857 1416 mundis
1900 1357 2211 1436 perpetuo
2243 1350 2431 1415 cadit.
2466 1389 2546 1398 —-
2579 1350 2795 1414 Huius
2828 1349 3163 1414 doctrinae

707 1465 904 1550 partis
993 1488 1198 1551 pauca
1276 1467 1548 1552 vestigia
1593 1473 1866 1532 -tantum
1930 1467 2289 1531 invenimus
2373 1468 2441 1530 in
2508 1467 2771 1554 Epicuri
2837 1465 3162 1552 fragmen-

707 1581 831 1665 tis,
895 1603 1059 1668 quae
1133 1589 1348 1647 tamen
1423 1585 1576 1650 satis
1649 1585 2022 1649 Lucretium
2092 1584 2253 1650 haec
2322 1585 2570 1668 omnia,
2646 1607 2807 1672 quae
2855 1585 3161 1671 exposui-

707 1720 850 1764 mus
873 1750 890 1783 ,
959 1700 1238 1787 Epicuro
1284 1701 1516 1766 debere
1541 1751 1557 1784 ,
1622 1701 2087 1767 demonstrant.
2154 1703 2443 1766 Primum
2488 1703 2759 1788 legimus
2803 1702 3162 1787 Epicurum

645 1892 650 1896 ,
710 1816 1031 1883 docuisse:
1098 1822 1215 1897 τὴν
1258 1831 1383 1907 γῆν
1427 1827 1515 1907 τῷ
1559 1821 1689 1906 ἀέρι
1737 1824 2105 1906 ἐποχεῖσθαι
2130 1817 2221 1903 ²);
2291 1826 2625 1905 praeterea
2669 1819 2735 1883 in
2781 1819 3161 1904 fragmentis

710 1935 856 2000 libri
922 1936 1025 2001 XI
1085 1942 1223 2024 περὶ
1293 1941 1580 2024 φύσεως,
1651 1938 1770 2001 col.
1817 1937 1871 2000 Ι.
1919 1936 2077 2001 haec
2122 1936 2321 2002 verba
2364 1942 2512 2001 sunt
2556 1937 2844 2021 integra:
2892 1955 3042 2023 φημι
3084 1964 3160 2003 εν

707 2080 876 2140 μεσῳ
936 2081 1088 2120 ειναι
1146 2083 1261 2131 την
1305 2077 1470 2141 γην;
1532 2052 1807 2140 denique
1854 2073 1891 2117 e
1935 2053 2121 2118 fineis
2171 2055 2278 2136 18,
2347 2056 2459 2136 19,
2531 2056 2613 2118 20
2658 2052 2941 2118 eiusdem
2985 2053 3159 2119 colu-

711 2190 899 2234 mnae
959 2192 1266 2257 apparere
1323 2170 1579 2236 videtur
1623 2171 1975 2256 Epicurum
2020 2170 2365 2254 imaginem
2409 2170 2836 2235 membrorum
2881 2169 3164 2255 corporis

711 2309 963 2374 quoque
1007 2310 1378 2375 usurpasse:
1427 2290 1700 2374 legimus
1745 2289 1958 2353 enim:
2016 2318 2113 2356 και
2156 2317 2271 2365 την
2314 2316 2440 2374 γην
2470 2316 2537 2354 εν
2564 2316 2731 2374 μεσῳ
2764 2315 2919 2354 ωστε
2950 2315 3159 2354 παντα

717 2433 869 2471 Rara
915 2433 1131 2493 ὄχημα
1175 2405 1401 2474 Κωλων
1435 2455 1450 2469 0
1488 2457 1502 2472 0
1532 2456 1546 2471 ο
1579 2455 1597 2472 ο

797 2521 968 2586 Aere
1036 2529 1173 2587 erat
1219 2530 1542 2588 certamen
1587 2524 1753 2588 inter
1798 2523 2093 2610 antiquos
2138 2521 2550 2609 philosophos
2596 2521 2672 2584 de
2717 2520 3161 2606 magnitudine

713 2660 1048 2726 corporum
1115 2641 1486 2708 caelestium
1513 2637 1576 2726 ³).
1666 2641 1985 2729 Epicurus
2052 2641 2120 2705 in
2185 2640 2285 2705 his
2337 2639 2528 2705 rebus
2574 2637 2991 2703 diiudicandis
3035 2637 3159 2702 sibi

715 2764 1002 2822 constat:
1069 2770 1206 2835 τοῖς
1273 2764 1659 2848 ἐναργήμασι
1717 2764 2050 2848 προςέχειν
2113 2758 2436 2823 debemusn.
2527 2757 2701 2841 Ergo
2768 2759 2839 2822 τὸ
2884 2761 3158 2843 μέγεθος

713 2881 828 2940 τοῦ
877 2875 1064 2950 ἡλίου
1107 2904 1168 2943 τε
1215 2881 1310 2945 καὶ
1356 2883 1484 2943 τῶν
1530 2877 1779 2943 λοιπῶν
1824 2878 2075 2961 ἄστρων
2120 2877 2271 2942 κατὰ
2316 2880 2429 2959 μὲν
2470 2876 2548 2939 τὸ
2594 2874 2757 2959 πρὸς
2793 2874 2957 2954 ἡμᾶς
2985 2872 3159 2948 τηλι-

714 2994 944 3058 κοῦτόν
990 2996 1155 3059 ἐστιν
1202 2995 1429 3070 ἡλίκον
1474 2999 1769 3081 φαίνεται.
1840 2993 2183 3078 ·Diogenes
2208 3040 2225 3075 ,
2296 2993 2406 3078 qui
2449 2991 2569 3055 hoc
2613 2990 2851 3072 refert,
2877 2990 2923 3073 4)
2981 2987 3158 3053 addit

781 3150 822 3215 1)
890 3148 951 3198 V.
987 3152 1231 3199 534—63.

781 3246 823 3311 ²)
892 3247 955 3296 D.
991 3247 1049 3297 L.
1101 3246 1168 3295 X.
1225 3246 1286 3297 74
1334 3261 1376 3295 6.
1429 3245 1533 3295 cod.
1581 3243 1719 3295 Leid.
1787 3244 1953 3308 Vulgo
1983 3243 2104 3294 haec
2137 3243 2288 3293 verba
2320 3242 2691 3308 subiunguntur
2720 3244 2824 3294 illis
2858 3244 3017 3305 δῆλον
3052 3246 3151 3303 dvm

717 3342 826 3408 [καὶ
859 3341 1118 3406 φθαρτούς
1151 3352 1273 3407 φησι
1308 3342 1424 3399 τοὺς
1448 3342 1662 3402 κόσμους
1683 3339 2125 3403 μεταβαλλόντων
2148 3345 2251 3389 τῶν
2273 3338 2461 3404 μερῶν]
2487 3339 2652 3389 minus
2674 3346 2841 3389 tamen
2856 3346 2985 3389 reete
3004 3376 3017 3401 ,
3041 3355 3153 3389 eum

715 3438 836 3487 haec
854 3436 1004 3487 verba
1025 3453 1138 3486 cum
1159 3434 1562 3500 praecedentibus
1584 3435 1779 3483 nullum
1802 3434 2019 3483 habeant
2039 3450 2239 3483 nexum.
2277 3434 2524 3498 Diogenes
2542 3450 2605 3484 ex
2622 3435 2731 3483 aliis
2748 3434 2953 3498 Epicuri
2966 3433 3156 3497 scriptis

715 3548 774 3582 ea
825 3531 1067 3583 inseruit:
1117 3534 1200 3582 καὶ
1247 3533 1302 3581 ἐν
1335 3532 1516 3587 ἄλλοις
1555 3530 1716 3596 (φησὶ)
1739 3567 1751 3588 ,
1804 3530 1936 3593 quod
1969 3530 2069 3578 cod.
2112 3528 2250 3577 Leid.
2286 3528 2471 3593 aliique
2502 3529 2738 3592 praebent
2770 3536 2885 3579 ante
2919 3530 3066 3579 verba
3093 3527 3151 3577 in

714 3633 858 3677 textu
891 3628 1106 3687 laudata,
1142 3628 1437 3676 servandum
1470 3632 1559 3675 est.
1629 3626 1692 3675 In
1723 3630 1843 3674 nota
1876 3623 2067 3674 Corsini
2100 3625 2162 3672 ad
2184 3624 2320 3672 Plac.
2346 3624 2452 3673 111.
2484 3628 2541 3671 10
2570 3624 2872 3688 (Florentiae
2894 3623 3142 3687 MDGGL)

717 3723 802 3772 ubi
835 3722 1079 3783 ostendit,
1115 3722 1414 3772 Anaximeni
1446 3721 1574 3770 hanc
1607 3720 1879 3771 doctrinam
1916 3719 2237 3769 Plutarchum
2275 3717 2591 3782 adscripsisse
2618 3718 2712 3780 (διὸ
2740 3720 2823 3768 καὶ
2850 3721 2979 3768 κατὰ
3001 3720 3153 3783 λόγον

717 3820 884 3878 αὐτὴν
933 3819 1051 3881 (τήν
1095 3822 1214 3883 γῆν)
1261 3818 1558 3881 ἐποχεῖσθαι
1602 3816 1730 3879 ἀέρι)
1770 3816 1911 3877 lego:
1968 3813 2083 3875 „Sic
2117 3812 2361 3875 Epicurus
2396 3813 2545 3861 etiam
2579 3812 2827 3861 Tellurem
2860 3812 2965 3861 aeri
2996 3810 3149 3861 veluti

717 3912 1025 3962 innatantem
1079 3911 1291 3963 insidere
1325 3911 1534 3961 coniecit
1566 3911 1697 3973 apud
1731 3908 1985 3959 Laertium
2020 3908 2129 3957 Lib.
2166 3906 2231 3955 X.
2269 3923 2368 3971 seq.
2406 3908 2482 3959 74.
2518 3908 2619 3967 τὴν
2656 3911 2753 3975 γῆν
2790 3910 2863 3969 τῷ
2895 3906 3004 3970 ἀέρι
3038 3906 3147 3954 ἐπο-

718 4011 920 4073 χεῖσθαι
955 4010 993 4058 ὡ
1011 4027 1036 4065 ς
1072 4009 1410 4072 σνγγενῆ.”
1450 4034 1510 4042 -
1548 4006 1687 4054 Haec
1720 4010 1966 4067 postrema
1998 4002 2147 4051 verba
2179 4016 2295 4050 sane
2319 4000 2501 4064 optime
2515 4000 2785 4049 concinunt
2805 4016 2918 4049 cum
2941 3997 3151 4048 Lucretii

717 4120 791 4154 vs.
811 4108 904 4153 549
923 4110 974 4153 et
990 4106 1112 4153 554:
1171 4118 1312 4164 ,mam
1338 4100 1680 4151 communibus
1713 4100 1845 4149 inter
1860 4114 1911 4148 se
1929 4096 2177 4147 radicibus
2194 4096 2449 4157 haerent”,
2484 4097 2571 4145 sed
2588 4096 2718 4144 unde
2736 4110 2794 4144 ea
2810 4093 2991 4157 petivit
3009 4092 3151 4142 verba

720 4198 954 4249 Oorsinus
981 4199 1003 4247 Ρ
1067 4198 1242 4263 Neque
1282 4198 1337 4246 in
1382 4198 1486 4247 cod.
1522 4197 1659 4246 Leid.
1694 4210 1857 4259 neque
1889 4194 2021 4257 apud
2054 4192 2385 4243 Huebnerum
2417 4206 2579 4255 neque
2612 4190 2743 4253 apud
2778 4189 3119 4239 Schneiderum
3136 4224 3149 4246 ,

717 4310 878 4359 neque
931 4294 1065 4357 apud
1116 4292 1460 4343 Casaubonum
1509 4306 1670 4356 neque
1713 4291 1848 4353 apud
1888 4288 2011 4339 alios
2044 4304 2150 4337 eam
2185 4286 2443 4337 lectionem
2476 4285 2699 4335 invenire
2731 4283 2887 4347 potui.
2954 4282 3153 4347 Legitne

717 4390 924 4440 fortasse
956 4389 1011 4438 in
1044 4386 1209 4437 codice
1231 4389 1444 4452 quodam
1467 4386 1598 4437 Italo
1623 4386 1645 4434 Ρ
1679 4385 1900 4435 Cobetus
1920 4420 1932 4443 ,
1968 4383 2057 4448 qui
2093 4382 2248 4432 Italos
2271 4381 2461 4432 codices
2496 4380 2737 4440 consulit,
2772 4378 2901 4428 nihil
2922 4374 3155 4427 eiusmodi

717 4484 882 4534 refert.

783 4579 822 4643 ³)
894 4578 970 4629 ef,
1007 4578 1141 4627 Plut.
1175 4577 1302 4641 plac.
1341 4576 1415 4627 ΙΙ.
1453 4580 1530 4625 21.

785 4674 828 4740 ⁴)
897 4674 964 4722 X.
1002 4676 1079 4721 91.
1145 4672 1308 4722 Verba
1357 4674 1490 4721 ἄλλο
1541 4674 1638 4737 γὰρ
1667 4711 1675 4721 .
1701 4708 1748 4719 ..
1786 4671 1894 4721 ἐστι
1944 4669 2163 4720 difficilia
2210 4674 2326 4718 sunt
2357 4668 2701 4734 interpretatu.
2770 4667 2893 4717 Ritt.
2928 4671 2982 4717 et
3014 4663 3157 4715 Prell.
