3529 5359
2109 205 2167 218 ..n-v
2259 205 2302 211 *-
2368 211 2380 216 -

2101 239 2121 252 r
2148 231 2216 274 (ἐξ
2283 236 2351 270 ι’,
2402 259 2410 264 .
2476 257 2481 266 .

2282 271 2328 280 “·“
2424 272 2437 288 Ι

1884 277 1934 327 ,ν’
2000 237 2155 307 'pssc-
2241 303 2322 332 ττι

1874 347 2326 418 U..
2593 400 2604 422 ι

1526 441 1639 504 171
1888 423 1998 509 Χ,
2067 467 2103 489 ‹—
2579 454 2644 506 s

2003 507 2029 522 N
2082 503 2143 514 '¹'
2272 501 2576 540 „d.>³wo⁸‘,f'

451 641 635 704 Idem
701 641 1058 728 Epicurus:
1129 644 1335 728 ὥσπερ
1407 646 1469 709 ἐκ
1516 647 1870 724 συμποσίου
1914 640 2392 724 ἀπαλλάττομαι
2438 637 2623 706 οὐδὲν
2670 636 2812 705 δυσ·-

367 765 723 845 χεραῖνων,
783 759 946 825 οὕτω
1009 765 1104 825 καὶ
1166 763 1228 825 ἐκ
1281 766 1394 824 τοῦ
1457 757 1658 846 βίον,
1706 763 1859 825 ὅταν
1908 760 1992 841 (ἦ)
2040 761 2168 844 ὥρα
2214 755 2352 845 ᾗῙ).
2444 756 2811 822 Secundum

368 873 677 939 Senecam
749 875 1064 961 Epicurus
1139 875 1402 938 adsidue
1471 875 1793 961 queritur,
1870 876 2039 962 quod
2106 875 2407 939 adversus
2462 873 2810 960 praeterita

366 992 564 1055 simus
607 993 884 1077 ingrati,
932 993 1100 1078 quod
1144 1013 1581 1078 quaecumque
1627 995 2028 1079 percepimus
2072 992 2240 1057 bona
2275 1013 2401 1056 non
2431 991 2808 1055 reducamus

364 1128 482 1172 nec
551 1109 719 1172 inter
777 1110 1137 1195 voluptates
1182 1131 1629 1194 numeremus,
1699 1132 1845 1174 cum
1892 1111 2121 1174 certior
2164 1109 2343 1174 nulla
2385 1111 2468 1172 sit
2512 1108 2809 1192 voluptas

364 1247 558 1310 quam
625 1248 786 1312 quae
851 1227 979 1292 iam
1049 1228 1208 1313 eripi
1275 1249 1402 1291 non
1468 1229 1720 1313 potest”
1754 1228 1825 1311 ²).
1931 1229 2130 1292 Porro
2209 1227 2525 1313 Epicurus
2601 1225 2805 1288 dixit:

364 1345 718 1428 γεγόναμεν
765 1343 963 1423 ἅπαξ,
1011 1342 1107 1420 δὶς
1156 1347 1268 1411 οὐκ
1314 1345 1441 1410 ’ἐστι
1471 1348 1764 1429 γενέσθαι
1798 1367 1813 1380 ·
1863 1343 1953 1411 δεῖ
1982 1342 2045 1410 δὲ
2088 1345 2203 1410 τὸν
2237 1349 2434 1410 αἰῶνα
2466 1343 2533 1426 (i.
2564 1357 2622 1405 e.
2655 1361 2808 1405 sem-

353 1462 496 1543 per)
552 1462 752 1542 μηκέτ’
798 1463 950 1526 εἶναι
1003 1483 1018 1498 ·
1089 1465 1166 1527 σὺ
1213 1459 1276 1528 δὲ
1322 1472 1433 1539 τῆς
1478 1460 1698 1548 αὔριον
1746 1463 1861 1528 οὐκ
1906 1461 1997 1527 ὢν
2045 1465 2258 1546 κύριος
2304 1457 2651 1546 ἀναβάλλῃ
2696 1459 2810 1523 τὸν

365 1579 584 1662 καιρόν
617 1599 633 1614 ·
681 1582 716 1643 ὁ
765 1575 827 1644 δὲ
875 1577 1130 1644 πάντων
1174 1576 1330 1665 βίος
1374 1578 1717 1666 μελλησμῷ
1763 1577 2251 1663 παραπόλλυται
2285 1600 2299 1615 ·
2348 1581 2444 1643 καὶ
2492 1573 2589 1642 διὰ
2620 1580 2808 1640 τοῦτο

365 1693 624 1769 ἕκαστος
670 1695 846 1774 ἡμῶν
891 1694 1377 1780 ἀσχολούμενος
1421 1697 1810 1770 ἀποθνήσκει
1841 1695 1912 1777 ³).

449 1809 826 1892 Tormenta,
874 1832 1037 1897 quae
1082 1811 1150 1874 in
1194 1811 1413 1875 inferis
1459 1811 1835 1876 dicebantur
1872 1813 2073 1877 malos
2104 1831 2379 1894 vexare,
2424 1831 2553 1874 non
2581 1830 2809 1894 parum

361 1927 586 1990 mortis
630 1933 872 1991 metum
916 1928 1255 2012 augebant.
1341 1929 1679 1993 Lucretius
1725 1939 1941 1993 autem
1987 1951 2063 1993 ea
2106 1951 2235 1993 non
2280 1928 2653 2014 simpliciter
2696 1948 2807 1990 ne-

363 2045 574 2128 gavit,
643 2039 868 2109 verum
934 2045 1382 2132 ἀλληγορικῶς
1450 2067 1612 2133 quae
1683 2046 1761 2110 de
1830 2046 1910 2110 iis
1969 2052 2307 2109 narrantur
2351 2046 2807 2131 interpretatus

363 2166 500 2224 est:
577 2181 726 2243 „ea,
795 2161 860 2224 ni
920 2162 1186 2244 mirum,
1254 2182 1416 2247 quae
1463 2183 1733 2249 cumque
1780 2161 2152 2227 Acherunte
2197 2161 2509 2247 profundo
2555 2160 2807 2246 prodita

363 2281 513 2339 sunt
559 2296 696 2340 esse
722 2327 738 2359 ‚
785 2277 851 2339 in
895 2277 1028 2341 vita
1073 2282 1220 2340 sunt
1266 2277 1478 2342 omnia
1521 2278 1745 2342 nobis’'
1779 2280 1845 2362 ⁴).
1935 2278 2188 2342 Tantali
2236 2278 2483 2341 dolores
2527 2276 2652 2340 fert
2697 2277 2806 2362 qui

362 2392 539 2456 inani
607 2393 869 2456 deorum
935 2399 1113 2457 metu
1179 2400 1471 2459 vexatur.
1561 2395 1785 2480 Tityos
1850 2393 1956 2459 hic
2001 2401 2136 2477 est,
2206 2394 2315 2481 qui
2360 2393 2593 2458 amoris
2636 2392 2807 2457 auris

362 2510 467 2573 vel
515 2510 1206 2596 cupidiniscruciatur,
1255 2518 1404 2575 cett.
1452 2511 1769 2597 Epicurus
1801 2512 1973 2576 idem
2013 2512 2301 2577 docuisse
2330 2512 2612 2593 videtur,
2660 2531 2804 2574 cum

362 2627 651 2713 legamus
697 2648 844 2693 eum
887 2650 1082 2694 vanos
1130 2651 1267 2694 esse
1311 2629 1659 2695 inferorum
1703 2637 1912 2695 metus
1960 2630 2266 2695 docuisse.
2324 2629 2570 2696 Seneca
2604 2649 2803 2711 „non,

361 2744 603 2831 inquit,
651 2766 790 2809 sum
835 2752 966 2809 tam
1009 2747 1298 2833 ineptus,
1345 2753 1415 2811 ut
1459 2747 1844 2834 Epicuream
1890 2748 2275 2813 cantilenam
2318 2747 2439 2812 hoc
2482 2748 2622 2812 loco
2664 2768 2806 2832 per-

363 2882 592 2947 sequar
651 2869 715 2926 et
776 2862 980 2927 dicam
1033 2884 1231 2927 vanos
1277 2884 1414 2929 esse
1460 2865 1808 2930 inferorum
1851 2871 2097 2948 metus,
2165 2887 2283 2930 nec
2327 2865 2624 2929 Ixionem
2666 2870 2805 2928 rota

360 2979 533 3043 volvi
600 3000 720 3044 nec
789 3002 1015 3044 saxum
1074 2979 1357 3047 humeris
1424 2982 1684 3070 Sisyphi
1752 2984 1923 3047 trudi
1954 2985 2022 3047 in
2067 2984 2407 3049 adversum
2450 3004 2569 3047 nec
2614 2981 2807 3046 ullius

362 3095 606 3161 viscera
652 3102 716 3159 et
775 3098 1021 3161 renasci
1065 3119 1250 3184 posse
1295 3100 1528 3165 cotidie
1575 3108 1639 3165 et
1684 3102 1901 3187 carpi,
1947 3122 2134 3187 nemo
2181 3107 2315 3166 tam
2358 3120 2517 3186 puer
2548 3103 2687 3182 est,
2733 3104 2806 3162 ut

363 3212 711 3278 Cerberum
778 3214 1004 3279 timeat
1063 3221 1128 3279 et
1197 3217 1494 3281 tenebras
1553 3224 1618 3281 et
1684 3217 1990 3281 larvalem
2050 3217 2341 3282 habitum
2408 3216 2595 3279 nudis
2656 3215 2806 3280 ossi-

362 3330 482 3395 bus
555 3329 1064 3397 cohaerentium:
1138 3354 1308 3398 mors
1381 3357 1494 3399 nos
1569 3342 1681 3399 aut
1749 3335 2065 3400 consumit
2132 3340 2243 3399 aut
2289 3334 2511 3399 exuit’'
2545 3335 2616 3418 ⁵).
2710 3332 2805 3398 Si-

364 3448 600 3511 militer
678 3449 1081 3514 Democritus
1106 3501 1123 3535 ,
1210 3452 1320 3538 qui
1411 3454 1722 3537 originem
1811 3452 2003 3517 huius
2087 3452 2555 3538 superstitionis
2644 3450 2806 3514 indi-

366 3585 508 3629 care
574 3573 877 3631 conatur:
937 3569 1124 3647 ἔνιοι,
1190 3569 1432 3655 inquit,
1502 3575 1737 3647 θνητῆς
1808 3576 2035 3658 φύσιος
2082 3569 2372 3637 διάλυσιν
2418 3572 2532 3637 οὐκ
2577 3568 2808 3645 εἰδότες

368 3681 728 3767 ἄνθρωποι,
802 3682 1115 3761 ξυνειδὴσι
1177 3684 1240 3753 δὲ
1310 3698 1421 3763 τῆς
1466 3690 1530 3754 ἐν
1576 3694 1665 3775 τῷ
1706 3686 1838 3775 βίῳ
1884 3692 2493 3775 κακοπραγμοσΰνης
2537 3689 2652 3753 τὸν
2696 3696 2808 3762 τῆς

371 3990 392 4023 ⁸
431 4004 470 4070 ¹)
541 4002 678 4054 stob.

429 4098 474 4162 ²)
543 4098 710 4149 Senec.
745 4100 805 4149 de
838 4099 1000 4149 benef.
1035 4099 1158 4161 ΙΙΙ,
1193 4106 1256 4163 4,
1294 4105 1337 4151 1.

431 4194 473 4259 ³)
542 4194 677 4244 Stob.
713 4194 884 4245 Floril.
919 4194 948 4245 1
971 4232 985 4257 ‚
1022 4198 1130 4249 276.

428 4289 468 4354 ⁴)
539 4288 631 4339 ΙΙΙ
651 4326 664 4351 ,
699 4292 793 4343 978
827 4306 960 4355 seqq.

431 4383 472 4447 ⁵)
543 4384 712 4435 Senec.
747 4384 907 4448 Epist.
941 4401 1062 4436 mor.
1098 4386 1206 4448 III,
1241 4402 1315 4451 ep.
1352 4390 1398 4450 3,
1437 4392 1511 4438 18.
1549 4389 1694 4453 Ipsae
1712 4389 1919 4454 Epicuri
1940 4388 2179 4455 reliquiae
2200 4388 2332 4439 idem
2352 4389 2523 4439 testari
2544 4388 2803 4440 videntur:

366 4484 495 4545 πρὸς
547 4480 852 4547 ὑπο(λὴ)ψει
900 4482 1140 4548 τιθέναῼ)
1173 4512 1236 4519 -
1267 4482 1486 4549 φοβερόν
1523 4514 1588 4524 --
1644 4486 1863 4551 ὑποψίαι
1915 4514 1972 4523 --
2025 4486 2131 4537 οὐδ’
2169 4489 2237 4546 ὡς
2271 4485 2695 4550 καταν(ενο)ηιεώς
2727 4487 2809 4537 ὅτι

367 4577 569 4641 raia-(a)
607 4580 696 4641 μὲν
730 4576 802 4627 δεῖ
836 4578 1069 4642 amman„
1093 4578 1154 4644 (Ρ)
1194 4580 1287 4630 τὸν
1321 4578 1830 4647 ἀ(π)οβ(ιω)σόμενον
1878 4610 1943 4619 ·-
1976 4582 2437 4647 wapaBeBootivywv
2458 4608 2465 4615 ·
2485 4578 2709 4647 μὺθ(ων)
2744 4608 2807 4617 -

367 4672 610 4735 τιμωρίαι.
647 4670 890 4735 Gomperz
905 4708 919 4735 ‚
968 4672 1018 4721 Ν
1021 4688 1112 4722 eue
1145 4672 1483 4725 Bruchstficke
1516 4675 1753 4739 Epikur's
1788 4677 2133 4729 insbesondere
2165 4678 2292 4728 iiber
2322 4676 2401 4726 die
2436 4674 2805 4741 Willensfrage.

368 4765 531 4816 Wien.
577 4768 714 4819 1876.
