3529 5359
1900 398 2021 460 132

721 605 1006 685 tempore
1050 598 1118 663 id
1159 599 1274 683 fit,
1319 599 1610 686 mirabile
1655 620 1783 663 non
1812 604 1950 680 est,
1982 599 2283 685 quoniam
2311 599 2514 664 multa
2550 599 2739 663 certis
2769 586 3155 684 temporibus

717 716 856 781 fieri
921 716 1231 781 videmus.
1321 716 1503 780 Idem
1571 716 1890 801 Epicurus
1954 715 2148 798 dicit,
2218 717 2429 780 minus
2473 717 2712 802 pulcris
2757 722 2975 780 tamen
3021 737 3155 780 ver-

717 831 816 896 bis
843 837 929 910 ¹):
1005 834 1309 900 ἀνατολαὶ
1387 837 1482 898 καὶ
1558 829 1767 908 δΰσεις
1835 833 2022 909 ἡλίου
2093 838 2188 898 καὶ
2259 833 2532 913 σελήνης
2602 837 2697 898 καὶ
2742 837 2871 898 τῶν
2916 831 3156 897 λοιπῶν

719 951 970 1037 ἄστρων
1015 956 1111 1016 καὶ
1159 949 1287 1016 κατ’
1334 951 1566 1035 ἄναψιν
1611 954 1903 1036 ’γίνεσθαι
1950 949 2245 1017 δύνανται
2292 954 2387 1015 καὶ
2436 952 2586 1017 κατὰ
2636 949 2903 1036 σβέσιν,
2960 953 3159 1015 τοιαύ-

717 1096 830 1144 της
899 1065 1097 1144 οὔσης
1155 1069 1577 1152 περιστάσεως
1626 1069 1774 1152 (qua
1819 1066 2113 1150 extingui
2160 1072 2224 1130 et
2270 1066 2532 1131 accendi
2577 1068 2814 1152 possit:
2862 1089 2955 1131 vs.
3006 1069 3157 1149 660,

721 1185 826 1261 61)
893 1231 1168 1248 .....
1239 1185 1366 1249 κατ’
1421 1184 1758 1270 ἐμφάνειαν
1828 1185 1889 1249 θ’
1924 1185 2075 1269 ὑπὲρ
2146 1195 2265 1270 γῆς
2315 1191 2410 1250 καὶ
2459 1185 2657 1250 πάλιν
2704 1186 3159 1270 ἐπιπρόσθησιν

717 1303 791 1367 τὸ
837 1303 1289 1388 προειρημένον
1335 1298 1566 1367 δύναιτ’
1600 1301 1678 1367 ἄν
1725 1301 2179 1368 συντελεῖσθαι.

807 1417 1055 1482 Eadem
1123 1417 1283 1481 haec
1341 1423 1664 1502 postrema
1727 1416 2105 1504 hypothesis
2165 1418 2491 1504 explicare
2557 1424 2806 1504 potest,
2875 1439 2988 1482 cur
3032 1417 3160 1482 dies

719 1541 1006 1599 crescant
1051 1539 1117 1599 et
1143 1534 1531 1610 ‚minuantur
1555 1583 1571 1616 ,
1619 1556 1764 1598 cum
1810 1534 2085 1619 impares
2131 1535 2256 1598 sint
2302 1535 2522 1598 circuli
2566 1541 2824 1620 parteS‚
2872 1556 3028 1621 quas
3074 1536 3159 1598 sol

717 1672 910 1737 supra
973 1659 1209 1716 terram
1271 1651 1585 1717 describat
1653 1657 1717 1715 et
1776 1652 2051 1737 impares
2112 1672 2363 1738 quoque
2433 1672 2597 1738 quae
2671 1652 2788 1715 sub
2835 1657 3005 1716 terra
3050 1653 3161 1716 cir-

717 1768 844 1833 culi
909 1768 1159 1832 iaceant
1224 1774 1438 1853 partes
1465 1817 1481 1850 ,
1550 1788 1626 1831 ea
1688 1768 1969 1851 ratione,
2038 1773 2111 1831 ut
2171 1774 2385 1854 partes
2449 1769 2565 1832 sub
2611 1774 2782 1832 terra
2845 1774 2908 1832 et
2954 1773 3161 1854 partes

717 1885 1074 1971 superiores
1142 1884 1443 1970 deinceps
1511 1884 1781 1948 circulos
1846 1891 2012 1948 totos
2079 1886 2488 1950 constituant.
2591 1886 2753 1950 Cum
2810 1892 3026 1949 autem
3074 1886 3162 1949 sol

717 2022 793 2066 eo
858 2002 1077 2085 venit,
1146 2002 1256 2067 ubi
1321 2002 1584 2086 signifer
1652 2003 1822 2066 orbis
1876 2003 1980 2067 vel
2027 2002 2336 2067 Zodiacus
2382 2008 2553 2066 secat
2600 2002 2906 2066 circulum
2952 2003 3162 2090 aequi-

713 2120 1098 2203 noctialem,
1146 2119 1316 2206 quod
1360 2125 1672 2206 punctum
1726 2119 1916 2202 „anni
1960 2120 2239 2183 nodum”
2287 2120 2567 2206 appellat
2598 2121 2970 2203 Lucretius,
3018 2123 3162 2202 (non

714 2243 1024 2301 memorat
1089 2243 1311 2302 tamen
1385 2236 1543 2301 duos
1614 2258 1752 2302 esse
1809 2236 2120 2301 eiusmodi
2164 2236 2397 2321 nodos;
2470 2237 2535 2300 id
2579 2238 2831 2322 siynum
2876 2237 3029 2301 dicit
3074 2258 3161 2301 vs.

718 2354 839 2417 687
885 2375 1042 2438 pro:
1112 2354 1194 2417 iis
1241 2354 1504 2439 siquis),
1569 2359 1708 2417 tum
1758 2359 2059 2439 „propter
2104 2352 2390 2436 signiferi
2435 2354 2786 2438 posituram
2829 2354 3025 2416 totius
3072 2373 3163 2416 or-

711 2469 874 2553 bis”‚
923 2471 1032 2556 qui
1077 2470 1170 2534 ita
1215 2476 1312 2534 est
1357 2471 1643 2556 positus,
1712 2477 1784 2534 ut
1830 2471 1970 2556 pari
2014 2471 2351 2535 intervallo
2400 2472 2898 2556 septentrionem
2944 2491 3161 2535 versus

715 2584 794 2648 de
862 2585 1098 2650 circulo
1169 2586 1620 2671 aequinoctiali
1690 2585 1967 2650 declinet
2012 2592 2203 2672 atque
2248 2587 2581 2650 meridiem
2626 2607 2882 2668 versus,
2945 2585 3162 2650 circuli

714 2709 928 2788 partes
975 2725 1168 2790 supra
1211 2710 1449 2768 terram
1495 2709 1559 2767 et
1602 2704 1767 2768 infra
1812 2705 1971 2769 sitae
2020 2710 2166 2768 sunt
2209 2725 2435 2789 pares,
2490 2724 2676 2797 pares
2721 2724 2973 2789 quoque
3017 2724 3161 2767 noc-

713 2825 812 2884 tes
876 2820 1135 2906 diesque
1167 2821 1237 2899 2).
1305 2858 1384 2867 --
1450 2821 1606 2885 Dies
1675 2842 1961 2885 crescere
2025 2828 2089 2886 et
2156 2821 2359 2885 minui
2403 2822 2615 2889 *etiam
2661 2820 2809 2884 inde
2856 2820 3163 2906 explicari

713 2942 959 3022 potest,
1007 2937 1179 3023 quod
1222 2937 1492 3002 hiberno
1560 2945 1850 3024 tempore
1920 2940 2187 3003 crassior
2233 2944 2331 3002 est
2376 2938 2566 3002 certis
2610 2938 2678 3001 in
2722 2939 3011 3024 partibus
3056 2960 3162 3003 aer

712 3054 929 3141 itaque
999 3055 1197 3119 solem
1265 3055 1576 3141 impedit,
1645 3056 1985 3143 quominus
2054 3062 2340 3139 emergat
2408 3055 2488 3119 ad
2535 3061 2743 3138 ortus,
2813 3061 2925 3119 aut
2970 3056 3157 3119 etiam

715 3172 864 3257 quia
909 3173 1170 3236 alternis
1215 3173 1503 3259 partibus
1549 3175 1700 3237 anni
1744 3174 1914 3257 ignis
1970 3174 2213 3237 semina
2242 3222 2258 3255 ,
2321 3173 2399 3236 de
2445 3172 2677 3258 quibus
2722 3194 2913 3257 supra
2956 3192 3161 3236 sermo

717 3295 898 3372 erat,
966 3290 1210 3354 tardius
1270 3291 1376 3355 vel
1443 3291 1630 3355 citius
1686 3293 2006 3355 confluere
2054 3296 2434 3355 consuerunt
2466 3291 2536 3373 ³).
2627 3290 2815 3353 Prius
2858 3289 3162 3375 placitum

715 3406 1140 3472 Anaximenis
1209 3429 1346 3472 esse
1413 3408 1708 3492 videtur,
1779 3408 1948 3494 quod
1993 3430 2027 3472 e
2074 3410 2212 3473 loco
2259 3429 2449 3492 supra
2502 3410 2668 3492 (pag.
2722 3409 2863 3490 130)
2907 3406 3161 3471 laudato

715 3530 913 3611 patet,
961 3547 1107 3589 cum
1137 3546 1261 3613 quo
1296 3526 1677 3590 conferenda
1705 3527 1903 3590 verba
1932 3525 2263 3589 Plutarchi
2294 3528 2339 3607 4)
2368 3546 2381 3587 ε
2432 3527 2707 3609 καθάπερ
2755 3522 3161 3606 Ἀναξιμένης

718 3646 753 3707 ὁ
821 3643 1096 3718 παλαιὸς
1157 3643 1350 3730 ᾤετο,
1418 3648 1571 3726 μήτε
1632 3646 1704 3709 τὸ
1768 3645 2027 3730 ψυχρὸν
2076 3647 2139 3708 ἐν
2187 3644 2373 3727 οὐσίᾳ
2416 3646 2563 3724 μήτε
2606 3643 2679 3705 τὸ
2726 3640 2960 3725 θερμὸν
3004 3642 3163 3705 ἀπο-

715 3760 1066 3843 λείπωμεν,
1114 3759 1286 3826 ἀλλὰ
1333 3762 1510 3837 πάθη
1558 3762 1732 3826 κοινὰ
1781 3770 1892 3836 τῆς
1939 3760 2101 3837 ὕλης
2146 3760 2542 3845 ἐπιγινόμενα
2572 3767 2709 3835 ταῖς
2736 3755 3159 3842 μεταβολαῖς·

715 3880 789 3944 τὸ
858 3881 986 3964 γὰρ
1048 3879 1562 3962 συστελλόμενον
1609 3880 1805 3954 αὐτῆς
1852 3883 1949 3944 καὶ
1995 3880 2427 3959 πυκνούμενον
2472 3877 2729 3961 ψυχρὸν
2774 3874 2929 3939 εἶναί
2974 3887 3161 3960 φησι,

785 4199 824 4265 ¹)
896 4199 960 4249 D.
996 4199 1055 4248 L.
1093 4197 1160 4247 X.
1196 4200 1274 4247 92.

778 4294 820 4359 ²)
889 4294 1036 4343 Lucr.
1071 4294 1116 4344 V
1135 4331 1148 4355 ,
1184 4295 1423 4342 680—95.
1451 4292 1576 4343 Cum
1601 4292 1772 4342 Munr.
1799 4291 2024 4343 codicum
2043 4292 2280 4343 lectiones
2303 4297 2473 4343 contra
2495 4291 2699 4342 Lachm.
2724 4290 2945 4340 defendo.
2982 4289 3162 4339 Fateor

708 4404 792 4438 me
825 4404 925 4445 non
946 4388 1232 4452 intellegere
1251 4426 1264 4449 ‚
1301 4388 1391 4453 qui
1430 4393 1628 4453 propter
1653 4388 1877 4453 signiferi
1899 4387 2029 4438 orbis
2052 4386 2302 4452 obliquam
2324 4386 2595 4450 posituram
2615 4424 2628 4447 ‚
2670 4385 2705 4437 i.
2741 4401 2783 4435 e.
2817 4387 3015 4448 propter
3037 4381 3159 4433 obli-

711 4480 952 4545 quitatem
1001 4481 1221 4544 zodiaci,
1273 4482 1347 4532 sol
1397 4482 1546 4532 flatus
1586 4468 1842 4547 aquilonis
1879 4486 1929 4532 et
1961 4482 2117 4532 austri
2151 4481 2383 4531 distinere
2415 4480 2571 4545 possit
2602 4478 2763 4529 medio
2799 4494 2947 4527 cursu
2966 4515 2978 4539 ‚
3029 4476 3161 4541 quod

713 4574 918 4626 Lachm.
955 4576 1083 4627 vult.
2530 4558 2535 4561 ¹

779 4670 822 4734 ³)
897 4670 976 4721 Vs.
1013 4671 1286 4725 696—704.

777 4765 819 4831 ⁴)
890 4767 970 4817 Pr.
1003 4766 1117 4831 frig.
1155 4770 1182 4820 7
1203 4804 1216 4829 ,
1253 4770 1295 4816 3.
1330 4782 1443 4831 pag.
1484 4767 1594 4818 947.
