3529 5359
1874 403 1960 466 42

685 623 878 688 quam
921 602 1123 687 ignis,
1167 624 1293 690 quo
1338 603 1410 667 fit
1454 611 1527 667 ut
1570 604 1721 688 igne
1766 605 1851 668 sit
1894 606 2285 691 penetralius
2305 655 2323 689 ,
2370 605 2541 692 quod
2568 607 2973 672 Democritus
3004 607 3133 671 iam

687 718 998 783 ostendit:
1071 721 1148 786 τὸ
1223 725 1550 806 κεραΰνιον
1623 729 1752 807 πῦρ
1829 721 2116 809 ιἰκριβείᾳ
2193 729 2291 789 καὶ
2314 751 2325 758 ·
2366 725 2699 800 λεπτότητι
2764 727 3133 806 θαυμαστόν

686 840 950 914 ἐστιν’).
1050 837 1251 902 Porro
1319 859 1356 902 e
1428 838 1618 904 modo
1692 861 1818 925 quo
1888 861 2111 904 sensus
2176 841 2379 904 nostri
2445 842 2673 906 atomis
2738 841 3131 923 afficiuntur,

691 973 910 1018 earum
953 953 1158 1019 forma
1201 957 1495 1040 cognosci
1541 962 1784 1042 potest3
1831 978 1993 1043 quae
2038 978 2141 1021 res
2184 959 2385 1021 tactui
2428 957 2534 1022 vel
2576 959 2792 1042 gustui
2838 959 2943 1023 vel
2987 957 3135 1022 odo-

689 1071 858 1134 ratui
926 1078 1074 1135 sunt
1118 1072 1431 1136 iucundae
1449 1121 1466 1152 ‚
1537 1093 1756 1136 earum
1801 1073 2149 1158 primordia
2194 1095 2271 1138 ea
2312 1073 2515 1138 forma
2558 1095 2697 1138 esse
2743 1074 3017 1157 debent,
3062 1081 3135 1138 ut

689 1209 915 1252 manus
933 1239 950 1271 ,
1015 1189 1302 1273 linguam
1321 1239 1337 1272 ,
1396 1210 1584 1254 nares
1651 1212 1781 1254 non
1848 1190 2143 1274 laedant,
2214 1193 2385 1257 levia
2443 1193 2642 1276 igitur
2708 1197 2773 1256 et
2828 1191 3135 1276 rotunda3

690 1326 1127 1392 quaecumque
1173 1313 1394 1370 contra
1452 1307 1704 1391 ingrata
1749 1315 1899 1371 sunt
1916 1359 1933 1391 ,
1987 1308 2229 1373 habent
2272 1314 2517 1374 atomos
2559 1308 2849 1372 hamatas
2873 1358 2889 1391 ,
2956 1311 3137 1373 uncis

690 1422 1028 1508 praeditas.
1137 1424 1486 1488 Praeterea
1563 1431 1712 1488 sunt
1780 1425 1945 1488 aliae
2013 1447 2177 1511 quae
2253 1427 2537 1510 angellos
2580 1425 2857 1505 habent,
2906 1427 3139 1512 quibus

688 1539 953 1603 titillare
1019 1547 1282 1625 possunt
1325 1561 1444 1604 nec
1488 1540 1771 1632 laedunt.
1861 1540 2041 1614 Quae
2090 1540 2249 1604 dura
2292 1563 2367 1606 ac
2412 1542 2613 1627 spissa
2656 1549 2803 1604 sunt
2846 1547 3139 1606 constant

691 1677 777 1720 ex
836 1656 1110 1721 hamatis
1171 1665 1236 1722 et
1294 1657 1624 1744 perplexis
1683 1658 1953 1722 atomis:
2018 1678 2181 1744 quae
2228 1658 2425 1722 fluida
2469 1665 2615 1722 sunt
2660 1679 2697 1722 e
2742 1658 3028 1722 rotundis
3072 1664 3140 1722 et

691 1775 985 1840 levibus:
1047 1794 1210 1862 quae
1267 1798 1486 1840 amara
1557 1783 1622 1840 et
1681 1783 1899 1840 tamen
1958 1775 2155 1839 fluida
2218 1783 2365 1840 sunt
2436 1797 2521 1840 ex
2588 1783 2857 1863 utroque
2902 1796 3139 1860 genere

693 1900 840 1957 sunt
897 1893 1082 1958 facta.
1191 1894 1259 1958 Si
1319 1915 1600 1958 amaram
1667 1894 1864 1958 maris
1922 1915 2153 1979 aquam
2219 1893 2615 1979 percolamus
2680 1914 2796 1979 per
2860 1900 3095 1957 terram
3119 1943 3139 1976 ‚

695 2008 939 2073 dulcior
980 2010 1054 2073 fit
1106 2030 1272 2096 aqua
1316 2016 1658 2096 propterea
1675 2058 1692 2092 ,
1740 2009 1892 2095 quia
1934 2010 2132 2074 atomi
2174 2010 2443 2074 acerbae
2460 2060 2477 2092 ,
2544 2010 2725 2073 uncis
2769 2009 3094 2095 praeditae
3119 2059 3139 2092 ,

693 2131 866 2190 terra
907 2100 1282 2190 retinentur.
1373 2127 1559 2190 Haec
1616 2127 1833 2190 omnia
1876 2127 2209 2210 ingeniose
2254 2127 2517 2191 inventa
2560 2148 2644 2190 ex
2689 2127 2953 2212 Epicuri
2998 2127 3141 2190 doc-

692 2245 861 2309 trina
905 2253 1112 2309 sumta
1155 2265 1293 2310 esse
1313 2295 1330 2327 ,
1400 2245 1666 2331 quisque
1711 2245 1897 2308 facile
1943 2244 2189 2309 videbit
2234 2265 2319 2308 ex
2363 2244 2539 2308 hisce
2584 2245 2849 2330 Epicuri
2893 2244 3139 2309 verbis:

694 2363 774 2426 D.
821 2363 898 2426 L.
943 2363 1044 2426 X:
1114 2365 1198 2426 42
1245 2365 1321 2428 οὗ
1383 2361 1555 2447 (γάρ)
1613 2359 1889 2429 δυνατὸν
1955 2367 2249 2446 ’γενέσθαι
2316 2362 2430 2438 τᾶς
2476 2367 2790 2438 τοσαύτας
2838 2359 3141 2448 διαφορᾶς

693 2483 756 2546 ἐκ
800 2485 928 2546 τῶν
975 2481 1187 2544 αὐτῶν
1233 2481 1583 2566 σχημάτων
1629 2485 1694 2542 et
1739 2481 1823 2542 53
1849 2529 1865 2561 ‚
1914 2482 2039 2542 54:
2103 2484 2200 2544 καὶ
2249 2481 2375 2562 μὴν
2422 2484 2521 2544 καὶ
2563 2481 2683 2555 τὴν
2727 2482 2933 2560 ὀσμὴν
2979 2508 3144 2561 νομι·

695 2601 877 2663 στέον
903 2645 1117 2660 .....
1191 2598 1306 2662 οὐκ
1375 2596 1453 2663 ἅν
1521 2624 1673 2662 ποτε
1733 2599 1951 2671 πάθος
1996 2597 2188 2661 οὐδὲν
2234 2598 2667 2682 ἐργάσασθαι,
2738 2600 2787 2662 εἰ
2830 2599 2914 2678 μὴ
2962 2599 3143 2683 ὄγκοι

693 2722 854 2793 τινὲς
923 2720 1084 2793 ἦσαν
1154 2717 1278 2781 ἀπὸ
1346 2722 1457 2780 τόν
1521 2718 1896 2800 πράγματος
1961 2716 2421 2799 ἀποφερόμενοι
2481 2718 2814 2798 σύμμετροι
2858 2716 3023 2799 πρὸς
3068 2715 3140 2779 τὸ

692 2841 884 2901 τοῦτο
941 2836 1015 2899 τὸ
1061 2837 1473 2920 αἰσθητὴριον
1522 2843 1746 2912 κινεῖν,
1809 2836 1870 2898 οἱ
1914 2838 2027 2914 μὲν
2072 2842 2232 2898 τοῖοι
2279 2836 2751 2919 τεταραγμένως
2799 2837 2897 2897 καὶ
2942 2831 3141 2898 ἄλλο·

693 2956 887 3038 τρῖως
913 3000 929 3029 ,
976 2956 1037 3018 οἱ
1083 2949 1148 3018 δὲ
1193 2960 1355 3017 τοῖοι
1400 2950 1742 3037 ἆταρᾶχως
1790 2955 1889 3015 καὶ
1934 2954 2175 3029 οἰκείως
2221 2950 2503 3037 ἔχοντες.
2572 2948 2891 3034 Epicurus
2928 2956 3143 3013 autem

694 3069 1133 3134 Democritum
1179 3074 1432 3133 secutus
1478 3074 1575 3133 est
1621 3067 1742 3147 (Of.
1791 3068 2087 3131 Democr.
2136 3066 2307 3153 apud
2349 3067 2535 3132 Mfin.
2580 3066 2806 3151 fragm.
2838 3087 2983 3153 pag.
3018 3069 3142 3131 362

695 3192 833 3273 περὶ
881 3187 1154 3274 χυλῶν).

782 3303 930 3367 Non
959 3310 1175 3366 tamen
1205 3302 1490 3365 infinitus
1520 3321 1823 3364 numerus
1854 3307 1951 3363 est
1980 3299 2332 3384 figurarum
2364 3306 2717 3363 atomorum
2745 3322 2759 3363 ε
2800 3322 2949 3365 nam
2974 3300 3027 3363 si
3052 3300 3147 3364 ita

696 3420 789 3483 ita
833 3426 1032 3503 esset,
1078 3420 1364 3483 infinitae
1395 3419 1837 3503 magnitudine
1868 3423 2081 3482 essent
2114 3418 2330 3481 atomi.
2419 3418 2549 3481 Fac
2586 3417 2757 3481 enim
2788 3423 3076 3481 constent
3108 3438 3145 3481 e

699 3540 738 3601 3
782 3538 886 3602 vel
932 3541 972 3601 4
1016 3538 1122 3602 vel
1169 3540 1206 3601 5
1253 3536 1534 3600 minimis
1580 3535 1904 3620 partibus,
1953 3534 2031 3598 de
2079 3535 2309 3620 quibus
2355 3534 2421 3597 in
2461 3534 2623 3598 libro
2654 3535 2861 3619 primo
2896 3534 3149 3619 exposi-

697 3660 835 3719 tum
883 3661 998 3719 est.
1045 3654 1192 3719 Hae
1239 3654 1292 3718 si
1336 3654 1530 3717 variis
1573 3652 1778 3715 modis
1805 3702 1821 3735 ,
1870 3652 2162 3716 omnibus
2205 3651 2777 3737 permutationibus
2808 3651 3147 3734 adhibitis,

698 3772 1112 3855 ordinentur,
1175 3792 1510 3836 numerum
1579 3770 1909 3834 definitum
1984 3768 2261 3833 efficiant
2326 3788 2585 3832 necesse
2631 3775 2729 3832 est
2777 3768 3147 3852 figurarum.

700 3890 886 3966 Quod
930 3892 984 3955 si
1028 3892 1245 3977 plures
1287 3890 1386 3954 vis
1414 3891 1648 3954 formas
1673 3939 1690 3971 ,
1735 3909 1996 3953 necesse
2028 3894 2124 3951 est
2154 3887 2349 3951 addas
2379 3888 2535 3951 alias
2564 3887 2861 3950 minimas
2890 3892 3105 3972 partes
3130 3936 3148 3969 ,

701 4010 814 4072 sed
879 4016 1016 4072 tum
1085 4010 1278 4073 etiam
1333 4008 1528 4072 atomi
1572 4008 1844 4071 maiores
1896 4007 2092 4070 fient:
2162 4026 2314 4090 ergo
2367 4005 2747 4087 „formarum
2795 4004 3151 4069 novitatem

701 4127 980 4212 corporis
1041 4147 1318 4210 augmen
1385 4124 1833 4211 subsequitur'’
1906 4126 2123 4207 (495),
2194 4123 2305 4187 sed
2385 4123 2437 4187 si
2505 4122 2791 4186 infinitus
2846 4128 2941 4185 est
2990 4121 3153 4204 figu-

701 4265 914 4307 rarum
983 4264 1325 4325 numerus,
1394 4242 1589 4306 atomi
1658 4242 1851 4305 etiam
1894 4241 2157 4304 immani
2201 4238 2639 4324 magnitudine
2687 4244 2891 4303 erunt.
2952 4237 3154 4301 Prae-

703 4367 880 4426 terea
925 4359 978 4425 si
1023 4360 1309 4424 infinitus
1353 4366 1519 4425 esset
1563 4360 1911 4443 figurarum
1957 4379 2289 4439 numerus,
2336 4378 2463 4419 non
2489 4363 2699 4419 certus
2730 4361 2897 4419 esset
2925 4353 3155 4420 modus

702 4479 770 4543 in
843 4479 1072 4561 rebus,
1148 4478 1309 4542 aliae
1379 4498 1630 4562 semper
1703 4476 1845 4539 aliis
1919 4475 2127 4538 forent
2199 4474 2550 4560 pulcriores
2622 4474 2727 4536 vel
2796 4472 3151 4536 taetriores,

770 4759 806 4821 ¹)
877 4756 1106 4811 Miillach
1131 4794 1144 4817 ‚
1181 4757 1356 4819 fragm.
1395 4756 1619 4805 Democr.
1655 4769 1768 4818 pag.
1804 4756 1931 4814 359,
1971 4756 2043 4800 11.
