3529 5359
1665 408 1782 470 181

464 583 679 643 autem
745 581 1083 645 Lucretius
1126 580 1428 645 inducere
1475 602 1602 646 non
1646 586 1893 667 potest,
1960 580 2131 667 apud
2175 600 2323 644 eum
2368 579 2715 643 secundum
2761 598 2901 663 gra-

462 696 680 760 vitatis
737 698 1048 762 rationem
1095 698 1379 762 eiusdem
1425 699 1679 784 generis
1725 699 1919 762 atomi
1966 699 2330 782 confluunt,
2377 703 2449 760 ut
2493 697 2729 782 pagina
2779 698 2902 760 114

463 811 874 877 ostendimus,
967 814 1240 879 Omnino
1307 815 1504 899 igitur
1546 836 1770 879 versus
1814 813 2055 878 laudati
2103 815 2462 900 discrepant
2506 835 2575 878 re
2620 818 2687 877 et
2730 813 2901 877 simi-

462 932 663 996 litudo
708 932 946 997 formae
993 940 1089 998 est
1131 933 1410 998 fortuita.
1483 934 1598 999 Vs.
1647 937 1728 998 37
1734 937 1773 997 8
1820 955 1991 1020 seqq.
2040 934 2233 998 etiam
2277 934 2485 997 minus
2531 937 2679 996 sunt
2723 933 2899 1018 apti,

460 1049 569 1134 qui
631 1050 1038 1116 conferantur
1056 1101 1072 1134 ,
1143 1073 1288 1116 cum
1331 1051 1412 1118 ad
1479 1051 1830 1116 doctrinam
1890 1051 1969 1115 de
2014 1072 2227 1115 rerum
2273 1051 2634 1134 cognitione
2679 1049 2901 1114 referri
2941 1062 2949 1067 ·

459 1166 772 1232 debeant:
817 1171 966 1255 ’γαίῃ
1009 1173 1124 1250 μὲν
1167 1171 1291 1255 γὰρ
1337 1181 1528 1253 γαῖαν
1575 1169 2063 1250 ὀπώπαμεν,
2116 1165 2290 1234 ὕδατι
2340 1166 2391 1234 δ’
2447 1166 2614 1252 ὕδωρ
2664 1171 2814 1230 cett.

546 1284 836 1349 Ritterus
881 1285 1015 1368 IV,
1075 1307 1220 1371 pag.
1271 1288 1354 1350 98
1401 1291 1620 1350 censet
1664 1286 2039 1349 Lucretium
2084 1284 2493 1370 Empedoclis
2538 1283 2718 1370 sequi
2762 1304 2901 1348 sen-

459 1403 726 1466 tentiam
787 1402 882 1486 V,
946 1405 1067 1467 837
1117 1425 1288 1490 seqq.
1337 1408 1702 1468 narrantem
1748 1405 1859 1488 qui
1902 1402 2203 1467 animalia
2248 1402 2453 1488 prima
2496 1408 2649 1466 nata
2692 1401 2818 1465 sint
2864 1421 2899 1465 e

456 1527 627 1585 terra
651 1569 667 1602 ,
736 1521 1050 1606 imprimis
1105 1528 1332 1586 ‘autem
1391 1528 1674 1585 monstra
1735 1527 1802 1585 et
1846 1526 2161 1607 portenta.
2255 1518 2382 1584 Sed
2425 1540 2571 1605 pag.
2624 1522 2739 1583 141
2794 1517 2899 1584 de-

456 1639 945 1702 monstravimus
1010 1638 1180 1703 hunc
1247 1639 1476 1704 locum·
1524 1640 1763 1725 optime
1826 1661 1971 1704 cum
2017 1638 2281 1725 Epicuri
2324 1638 2536 1703 verbis
2581 1638 2648 1702 in
2692 1637 2896 1723 Epist.

455 1755 537 1820 ad
603 1755 845 1820 Herod.
911 1757 990 1820 75
1017 1805 1033 1838 ,
1102 1757 1460 1820 convenire.
1541 1756 1794 1847 *Quodsi
1862 1757 1931 1819 in
1993 1756 2175 1820 brevi
2240 1755 2360 1820 hac
2421 1755 2691 1841 epistola
2733 1753 2898 1819 hanc

453 1893 591 1937 rem
656 1872 785 1938 iam
841 1873 1057 1958 attigit
1102 1879 1166 1938 et
1211 1874 1596 1959 principium
1642 1879 1909 1938 naturae
1955 1875 2023 1937 in
2068 1873 2289 1960 primis
2335 1872 2714 1937 animalibus
2756 1892 2899 1957 pro-

455 1989 742 2054 creandis
809 1988 1166 2054 adhibitum
1236 1990 1576 2076 exposuit,
1646 2012 1776 2054 non
1823 1990 2086 2054 dubium
2132 1996 2229 2054 est
2286 2011 2432 2053 eum
2478 1989 2545 2053 in
2588 1988 2769 2052 libris
2814 1991 2895 2052 37

455 2112 592 2192 περὶ
647 2110 894 2193 φύσεως
953 2107 1225 2192 amplius
1273 2106 1350 2170 de
1395 2104 1516 2170 hoc
1561 2106 1699 2170 loco
1747 2107 2119 2192 exposuisse
2166 2111 2231 2170 et
2275 2105 2647 2170 Lucretium
2693 2125 2779 2168 ex
2820 2105 2899 2168 iis

452 2222 777 2309 hausisse,
845 2225 1220 2310 praesertim
1267 2247 1421 2290 cum
1464 2246 1673 2310 neque
1721 2227 1845 2289 837
1895 2246 2114 2312 seqq.,
2162 2224 2273 2288 ubi
2318 2245 2463 2288 cum
2508 2220 2899 2309 Empedocle

359 2367 367 2373 ·
454 2343 780 2427 congruit,
854 2364 1063 2429 neque
1145 2346 1271 2407 878
1341 2364 1567 2430 seqq.,
1635 2343 1748 2407 ubi
1818 2364 1966 2408 eum
2012 2347 2381 2429 oppugnat,
2451 2362 2598 2406 eum
2640 2340 2899 2405 nomine

451 2459 766 2525 indicarit.

534 2577 766 2642 Merito
832 2577 1118 2663 Langius
1156 2575 1191 2662 ¹)
1259 2579 1482 2643 laudat
1549 2579 1782 2644 elatam
1829 2577 2281 2662 cogitationem
2327 2598 2587 2660 eorum,
2650 2576 2757 2662 qui
2803 2581 2895 2640 to-

452 2701 588 2760 tum
648 2696 958 2760 mundum
1037 2697 1418 2783 omniaque,
1497 2718 1660 2784 quae
1707 2697 2031 2779 continet,
2101 2696 2393 2761 omnibus
2446 2695 2653 2761 causis
2695 2693 2897 2760 finali-

448 2813 566 2878 bus
589 2863 606 2897 ,
675 2834 838 2900 quae
885 2814 1212 2897 dicuntur,
1277 2814 1524 2878 omissis
1561 2863 1577 2896 ,
1634 2835 1718 2879 ex
1763 2820 2124 2879 atomorum
2169 2814 2302 2878 solo
2347 2819 2526 2877 motu
2570 2812 2893 2898 explicare

451 2936 760 2996 conantur
786 2979 803 3013 ,
869 2937 942 2995 ut
995 2930 1460 3017 Empedocles,
1531 2930 1892 3017 Epicurus,
1939 2931 2279 2996 Lucretius
2321 2930 2628 2995 fecerunt.
2721 2928 2893 2995 Cave

450 3054 665 3113 tamen
739 3068 820 3112 ne
881 3068 1032 3111 casu
1099 3053 1164 3112 et
1207 3047 1367 3112 forte
1412 3048 1667 3113 fortuna
1711 3054 1957 3114 atomos
2002 3070 2111 3113 eas
2156 3048 2633 3134 complexiones
2677 3046 2895 3112 iniisse

449 3171 671 3250 putes,
740 3164 794 3229 si
846 3164 1103 3251 quidem
1147 3164 1481 3249 vulgarem
1525 3187 1781 3231 sensum
1825 3166 1906 3229 iis
1950 3166 2277 3231 vocabulis
2322 3164 2635 3229 attribuis.
2725 3163 2895 3228 Nam

448 3280 568 3346 hoc
636 3288 887 3347 tantum
955 3303 1106 3345 casu
1173 3281 1410 3346 factum
1479 3289 1577 3347 est
1602 3333 1618 3366 ,
1685 3290 1758 3348 ut
1802 3304 2015 3347 rerum
2060 3282 2406 3369 primordia
2448 3282 2690 3345 incerto
2735 3287 2894 3345 tem-

448 3420 602 3484 pore
672 3400 1057 3486 incertisque
1125 3399 1248 3463 loci
1311 3400 1532 3484 spatiis
1601 3422 1639 3464 a
1705 3406 1883 3465 recta
1952 3401 2124 3466 linea
2170 3399 2520 3466 declinasse
2568 3398 2894 3483 coeperint

447 3516 662 3603 itaque
707 3516 824 3580 fati
867 3516 1125 3584 foedera
1168 3518 1478 3602 ruperint.
1556 3518 1718 3583 Cum
1766 3524 1982 3583 autem
2032 3518 2229 3583 semel
2273 3518 2365 3581 ita
2409 3538 2477 3581 se
2522 3521 2891 3598 moverent,

450 3640 520 3697 ut
588 3633 802 3699 collidi
869 3640 1169 3719 possent,
1237 3655 1346 3699 eos
1397 3656 1772 3719 congressus
1818 3635 2076 3699 tandem
2124 3632 2319 3699 atomi
2365 3639 2741 3698 connectere
2789 3632 2892 3696 de-

447 3749 766 3832 buerunt,
811 3750 1040 3836 quibus
1084 3749 1188 3815 hic
1230 3751 1506 3815 mundus
1552 3751 1730 3836 viget
1757 3802 1774 3835 ,
1821 3774 1971 3816 nam
1996 3752 2246 3815 infinito
2279 3751 2482 3837 spatio
2519 3750 2892 3835 infinitaque

447 3873 731 3953 tempore
778 3867 974 3932 semel
1018 3867 1260 3953 positis,
1308 3890 1562 3952 omnes,
1609 3891 1772 3955 quae
1819 3869 2084 3954 cogitari
2130 3874 2435 3954 possunt,
2506 3867 2891 3953 complexio-

445 4005 557 4048 nes
623 3989 978 4049 atomorum
1043 4004 1266 4069 reapse
1337 3985 1476 4049 fieri
1544 3985 1798 4049 debent.
1890 3984 1982 4049 At
2043 3986 2211 4049 inter
2254 3984 2369 4049 has
2415 3983 2890 4069 complexiones

451 4100 859 4186 „possibiles”
905 4099 1064 4165 haec
1107 4122 1237 4165 una
1282 4108 1420 4186 est,
1470 4124 1635 4189 quae
1679 4103 1774 4167 ita
1816 4109 2062 4167 atomos
2111 4102 2368 4186 iunxit,
2414 4107 2486 4165 ut
2531 4121 2749 4164 omnes
2787 4120 2889 4164 res

446 4238 787 4304 omnesque
831 4224 1082 4301 motus,
1154 4239 1316 4305 quae
1363 4220 1430 4283 in
1477 4219 1597 4285 hac
1643 4226 1876 4284 natura
1919 4220 2228 4285 miramur
2252 4268 2268 4301 ,
2324 4217 2572 4282 efficere
2618 4217 2886 4281 debeat:

437 4333 596 4399 haec
641 4334 862 4419 igitur·
885 4335 1223 4421 aliquando
1270 4335 1411 4400 fieri
1468 4337 1760 4402 debebat.
1839 4337 2019 4401 Idem
2063 4336 2489 4423 principium,
2536 4333 2705 4420 quod
2748 4333 2887 4397 fieri

440 4452 672 4537 possit,
761 4451 829 4515 id
923 4474 1149 4517 revera
1230 4453 1368 4518 fieri
1461 4454 1738 4538 debere,
1830 4455 2069 4542 ubique
2112 4442 2118 4447 ’
2158 4474 2274 4540 per
2330 4458 2529 4518 totam
2589 4457 2885 4515 naturam

503 4744 544 4810 ι)
609 4744 786 4797 Gesch.
819 4746 904 4797 des
939 4744 1111 4796 Mater.
1146 4760 1257 4811 pag.
1297 4745 1403 4798 107.
1485 4788 1495 4795 .
