3529 5359
1862 333 1945 396 90

685 532 1088 616 florentibus,
1133 534 1615 619 peripateticam
1659 531 2128 620 philosophiam
2168 533 2424 616 docuit,
2471 533 2832 598 invenimus
2859 533 2927 598 in
2956 533 3117 598 libro
3156 558 3165 566 ·

685 649 958 713 secundo
1003 656 1141 735 περὶ
1187 654 1398 739 ψυχῆς
1442 650 1948 739 paragraphum,
1995 651 2097 716 cui
2144 651 2409 715 titulus:
2458 653 2622 736 πρὸς
2668 655 2816 728 τοὺς
2862 649 2960 718 διὰ
3006 662 3119 728 τῆς

686 771 812 832 τῶν
862 764 1140 833 εἰδώλων
1189 769 1556 848 ἐμπτώσεως
1599 770 1672 833 τὸ
1721 773 1879 854 ὁρᾶν
1925 767 2258 854 λέγοντας.
2347 768 2527 831 Inter
2572 771 2683 850 ea,
2730 789 2893 852 quae
2919 767 3120 832 Alex-

687 884 884 948 ander
950 891 1169 949 contra
1232 886 1692 971 Epicureorum
1761 885 2112 950 doctrinam
2158 886 2383 970 affert,
2452 886 2610 950 haec
2655 887 2968 970 legimus:
3039 887 3123 953 ἔτι

686 1007 824 1082 πῶς
870 1001 1074 1068 οἷόντε
1118 1009 1232 1068 τοῦ
1279 1001 1694 1085 διαστήματος
1741 1003 2079 1088 ἀντίληψιν
2124 1008 2447 1088 γίνεσθαι,
2504 1008 2551 1069 εἰ
2597 1004 2673 1068 τὰ
2719 1001 2951 1071 ε’ίὸωλά
2996 1007 3125 1069 ἐστι

685 1119 760 1182 τὰ
823 1112 1104 1204 ὁρώμενα
1134 1140 1149 1155 ·
1217 1121 1683 1196 ἆνεπαίσθητος
1749 1121 1875 1206 γὰρ
1947 1121 2025 1186 ὃν
2084 1119 2344 1206 λέγουσι
2387 1125 2833 1204 προεμπίπτειν
2880 1124 2915 1184 ὁ
2962 1120 3120 1205 ἀήρ,

687 1235 764 1300 οὗ
809 1241 887 1322 τῇ
930 1238 1231 1312 ποσότητι
1277 1238 1348 1302 τὸ
1397 1234 1698 1319 διάστημα
1743 1238 2251 1322 ἆναμετρεῖσθαι,
2320 1241 2385 1299 et
2427 1235 2643 1320 paullo
2685 1240 2870 1320 post:
2939 1237 3013 1301 τὸ
3059 1232 3124 1302 δὲ

686 1349 894 1437 λέγειν
939 1357 1026 1438 τῷ
1077 1357 1258 1438 ποσῷ
1301 1359 1412 1417 τοῦ
1462 1353 1646 1439 ἀέρος
1693 1360 1805 1417 τοῦ
1850 1338 2077 1436 μεταξὺ
2122 1357 2233 1416 τοῦ
2280 1379 2342 1417 τε
2389 1355 2743 1436 ὁρωμένου,
2790 1353 2894 1437 ἀφ’
2926 1352 3001 1416 οὗ
3047 1353 3127 1417 τὰ

687 1465 954 1551 εἴδωλα,
1023 1475 1118 1534 καὶ
1187 1475 1300 1534 τοῦ
1370 1469 1707 1555 ὀφθαλμοῦ
1751 1471 1868 1545 τὴν
1914 1463 2252 1552 ἀντίληψιν
2298 1473 2584 1554 γίνεσθαι
2612 1476 2743 1565 ’τοῦ
2791 1466 3127 1552 διαστήμα-

687 1612 846 1660 τος,
907 1592 1138 1651 τοῦτον
1199 1588 1325 1672 (γὰρ
1371 1587 1494 1651 ὑπὸ
1540 1592 1654 1650 τοῦ
1703 1583 1966 1651 εἰδώλου
2012 1588 2509 1670 προωθούμενον
2567 1589 3011 1670 προεμπίπτειν
3048 1590 3129 1670 τῇ

689 1702 844 1788 κόρῃ
901 1703 1028 1788 πρὸ
1095 1709 1208 1767 τοῦ
1255 1701 1554 1779 εἰδώλου,
1621 1703 1891 1768 ἀτοπίαν
1937 1700 2228 1782 οὐδεμίαν
2273 1699 2667 1786 ὑπερβάλλει
2712 1705 2843 1764 cett
2848 1749 3123 1764 .....

688 1823 943 1904 προσέτι
1025 1822 1098 1884 τὸ
1173 1820 1490 1900 πολλάκις
1557 1827 1869 1885 τοσοῦτον
1938 1817 2209 1900 δέξεται,
2280 1819 2355 1883 οὐ
2441 1820 2565 1904 γὰρ
2642 1821 2787 1892 ἑνὸς
2861 1815 3127 1884 εἰδώλου

689 1938 988 2016 ἐμπτώσει
1082 1938 1156 2003 τὸ
1253 1941 1410 2024 ὁρᾶν
1430 1934 1487 2021 ¹).
1579 1937 1678 2000 De
1767 1936 2151 2020 imaginibus
2223 1937 2290 1999 in
2351 1936 2604 2020 speculo
2670 1935 3127 2021 apparentibus

691 2052 1038 2138 Epicurum
1098 2075 1349 2141 quoque
1414 2053 1697 2117 locutum
1757 2073 1896 2117 esse
1969 2053 2259 2116 videmus
2304 2074 2339 2116 e
2385 2052 2715 2116 Plutarchi
2760 2053 2919 2137 plac.
2966 2052 3125 2137 phil.

690 2168 810 2232 IV.
883 2172 997 2253 14,
1065 2170 1176 2233 ubi
1246 2170 1434 2234 simul
1499 2170 1832 2253 docemur,
1909 2191 2056 2234 eum
2114 2170 2279 2234 hanc
2346 2170 2696 2234 doctrinam
2756 2171 3019 2235 fortasse
3086 2193 3130 2235 a

694 2284 1059 2350 Democrito
1121 2287 1502 2372 sumpsisse:
1595 2289 2030 2371 Δημόκριτος,
2100 2289 2477 2371 Ἐπίκουρος
2543 2289 2658 2361 τὰς
2712 2289 3129 2371 κατοπτρικὰς

695 2404 984 2489 ἐμφάσεις
1049 2409 1384 2491 ’γίγνεσθαι
1452 2405 1578 2471 κατ’
1625 2401 1903 2470 εἰδώλων
1970 2405 2387 2483 ὑποστάσεις,
2456 2403 2635 2469 ἅτινα
2681 2408 2970 2488 φέρεσθαι
3013 2409 3130 2485 μὲν

691 2521 796 2607 ἀφ’
863 2524 1066 2603 ἡμῶν,
1144 2525 1556 2588 συνίστασθαι
1625 2519 1688 2588 δὲ
1757 2525 1853 2586 ἐπὶ
1898 2529 2011 2586 τοῦ
2060 2525 2411 2606 κατόπτρου
2458 2519 2607 2586 κατᾰ
2652 2522 2767 2596 τὴν
2814 2519 3131 2606 ἀντιπερι-

690 2641 976 2723 στροφήν
1007 2637 1074 2720 2).
1734 2638 1738 2642 ’

779 2754 940 2818 Cum
1004 2756 1096 2819 ita
1157 2754 1618 2819 ostenderimus
1677 2762 1933 2842 poetam
1992 2756 2202 2820 omnia
2230 2805 2246 2838 ,
2316 2774 2479 2841 quae
2525 2754 2606 2820 ad
2650 2756 2824 2819 visus
2870 2775 3130 2819 sensum

691 2871 1141 2957 explicandum
1163 2872 1443 2958 proferat
1465 2894 1504 2937 a
1527 2872 1832 2956 magistro
1858 2873 2198 2958 sumpsisse
2226 2922 2242 2955 ,
2274 2894 2403 2935 non
2426 2893 2656 2957 operae
2687 2872 2963 2957 pretium
2987 2892 3129 2936 esse

688 2987 874 3051 nobis
925 2985 1178 3051 videtur
1222 2988 1467 3075 reliqua
1513 3009 1674 3073 quae
1721 2988 1799 3052 de
1844 2988 2105 3075 reliquis
2134 2988 2422 3053 sensibus
2448 2988 2842 3075 explicandis
2864 2994 3081 3052 narrat
3110 3038 3128 3071 ,

685 3103 944 3168 uberius
1010 3124 1363 3192 exponere,
1423 3125 1632 3191 neque
1693 3125 1840 3169 cum
1883 3106 2172 3189 magistri
2219 3104 2529 3169 doctrina.
2549 3104 2855 3170 conferre.
2948 3110 3126 3179 Quae

757 3442 794 3501 ⁸)
861 3441 938 3491 De
971 3456 1105 3490 aeres
1123 3477 1137 3501 ,
1189 3441 1274 3505 qui
1321 3445 1395 3490 est
1439 3438 1569 3489 inter
1613 3454 1691 3489 res
1741 3440 1997 3503 adspectas
2048 3442 2099 3488 et
2146 3438 2347 3488 oculum
2364 3475 2377 3500 ,
2425 3438 2737 3489 Democritus
2769 3456 2846 3503 ap.
2881 3439 3128 3503 Theophr.

689 3538 806 3601 περὶ
840 3536 1146 3595 αἰσθήσεως,
1185 3538 1280 3584 50:
1317 3538 1445 3601 ὁρᾶν
1478 3536 1570 3600 μὲν
1605 3536 1695 3585 οὖν
1729 3540 1863 3586 ποιεῖ
1897 3540 1961 3600 τῇ
1996 3536 2229 3599 ἐμφασει·
2265 3534 2465 3595 ταύτην
2500 3534 2682 3591 δ’ἰδίως
2717 3534 2848 3601 λέγει
2873 3550 2883 3560 ·
2911 3539 3006 3595 τὴν
3028 3537 3128 3602 γάρ

689 3632 904 3697 ἔμφασιν
949 3633 1041 3682 οὐκ
1077 3632 1228 3688 εὐθὺς
1263 3633 1318 3681 ἐν
1351 3636 1416 3695 τῇ
1451 3634 1574 3695 κορῇ
1610 3628 1872 3695 γίνεσθαι,
1924 3630 2064 3679 ἀλλὰ
2098 3631 2190 3679 τὸν
2221 3629 2346 3692 ἀέρα
2382 3632 2472 3681 τὸν
2506 3632 2692 3693 μεταξὺ
2728 3634 2820 3690 τῆς
2851 3629 3009 3694 ὄψεως
3042 3632 3133 3680 καὶ

687 3730 778 3777 τοῦ
813 3726 1062 3791 ὁρωμένου
1099 3728 1387 3775 τυποῦσθαι
1408 3762 1420 3784 ,
1459 3705 1861 3787 συστελλόμενον
1897 3724 1997 3775 ὑπὸ
2032 3727 2122 3775 τοῦ
2158 3727 2409 3789 ὁρωμένου
2445 3726 2529 3774 καὶ
2562 3728 2653 3775 τοῦ
2688 3727 2925 3789 ὁρῶντος.

751 3822 794 3887 ²)
864 3821 976 3871 Hoc
998 3826 1300 3886 postremum
1322 3820 1618 3871 vocabulum
1641 3821 1997 3884 quodammodo
2018 3825 2095 3869 est
2116 3819 2401 3883 ambiguum
2418 3856 2432 3881 ‚
2466 3821 2553 3869 sed
2573 3824 2739 3870 tamen
2761 3818 2881 3869 satis
2901 3819 3015 3869 inde
3038 3835 3127 3886 ap-

685 3922 825 3981 paret
847 3916 1117 3980 Epicurum
1139 3916 1298 3965 simile
1315 3916 1436 3981 quid
1457 3920 1604 3979 atque
1625 3914 1915 3975 Lucretium
1936 3914 2175 3965 docuisse.
2212 3914 2385 3965 Nihilo
2408 3914 2571 3965 minus
2594 3920 2759 3965 tamen
2778 3916 2911 3979 apud
2933 3916 3127 3965 Macro-

688 4012 827 4061 bium
855 4011 1073 4075 (Saturn.
1097 4012 1185 4060 lib.
1208 4011 1332 4062 VIl.
1359 4020 1462 4074 cap.
1491 4013 1564 4059 14.
1589 4010 1655 4076 7.)
1676 4009 1769 4060 hoc
1794 4009 2008 4074 Epicuro
2026 4009 2264 4060 obicitur:
2304 4010 2480 4071 „cuius
2498 4010 2718 4074 opinioni
2739 4015 2981 4075 repugnat
2996 4011 3133 4075 quod

687 4108 742 4156 in
764 4105 976 4171 speculis
996 4105 1161 4169 imago
1182 4106 1386 4156 adversa
1408 4104 1839 4168 contemplatorem
1862 4121 2009 4154 suum
2031 4104 2262 4167 respicit:
2299 4120 2413 4153 cum
2435 4104 2637 4165 debeat,
2672 4104 2914 4169 siquidem
2936 4120 2967 4153 a
2985 4102 3130 4154 nobis

687 4206 796 4253 orta
841 4206 974 4250 recto
1021 4205 1189 4250 meatu
1229 4197 1554 4263 proficiscitur
1571 4235 1585 4260 ,
1634 4204 1880 4262 posteram
1930 4199 2009 4249 sui
2051 4204 2239 4263 partem
2254 4235 2267 4260 ,
2320 4216 2433 4248 cum
2466 4198 2673 4249 discedit
2686 4236 2699 4259 ,
2751 4199 3003 4249 ostendere
3021 4234 3035 4259 ‚
3070 4204 3131 4249 ut

685 4298 830 4347 laeva
876 4296 1068 4346 laevam
1117 4298 1318 4346 dextera
1365 4296 1614 4345 dexteram
1663 4294 1908 4359 respiciat.
1975 4296 2024 4344 Ν
2028 4311 2107 4344 am
2153 4299 2203 4344 et
2234 4294 2409 4343 histrio
2442 4310 2698 4357 personam
2730 4293 2829 4343 sibi
2860 4294 3130 4343 detractam

688 4408 750 4443 ex
782 4407 841 4441 ea
871 4395 1010 4455 parte
1040 4390 1178 4441 videt
1207 4406 1306 4456 qua
1337 4390 1526 4449 induit,
1561 4389 1748 4440 scilicet
1780 4406 1879 4440 non
1912 4389 2090 4439 faciem
2122 4390 2207 4439 sed
2237 4388 2555 4451 posteriorem
2588 4389 2897 4438 cavernam.”

756 4486 942 4536 Mirum
992 4502 1186 4551 quoque
1219 4490 1294 4535 est
1326 4485 1635 4535 Macrobium
1668 4486 1838 4535 eadem
1870 4484 1946 4534 uti
1978 4482 2194 4548 imagine
2211 4519 2225 4544 ,
2272 4499 2370 4547 qua
2402 4484 2663 4533 Lueretius
2694 4500 2767 4532 vs.
2806 4486 2897 4531 296
2930 4481 3090 4531 utitur
3109 4519 3126 4543 ,

689 4598 804 4633 cum
833 4586 1000 4632 tamen
1031 4583 1150 4631 satis
1182 4587 1412 4643 appareat
1443 4597 1557 4630 eum
1587 4579 1716 4630 hanc
1745 4584 1938 4644 partem
1968 4577 2253 4629 Lucretiani
2286 4578 2516 4628 carminis
2546 4594 2647 4629 non
2669 4582 2894 4627 accurate
2915 4576 3093 4641 legisse
3110 4614 3129 4639 ‚

691 4694 805 4731 cum
851 4676 980 4725 illud
1026 4692 1174 4741 quam
1222 4676 1403 4739 optime
1435 4683 1579 4740 poeta
1609 4675 1849 4740 explicet,
1902 4675 2033 4739 quod
2067 4673 2373 4723 Macrobrius
2406 4673 2623 4737 Epicuro
2654 4671 2823 4723 obicit.
