3529 5359
1623 343 1659 404 7

695 581 778 590 —-
827 581 908 590 ·-—
956 581 1038 590 —-
1083 565 1277 631 quare
1319 544 1546 629 religio
1591 542 1863 631 pedibus
1908 543 2195 608 subiecta
2238 543 2517 609 vicissim

697 662 1048 748 opteritur,
1095 683 1210 726 nos
1255 667 1578 748 exaequat
1621 661 1889 726 victoria
1932 661 2129 726 coelo.
2177 662 2251 746 (I.
2302 664 2387 740 62„
2433 663 2657 749 seqq).

524 777 846 844 Gaudium
890 781 1218 844 exsultans
1263 779 1429 843 servi
1473 778 1772 863 fugitivi,
1842 778 1951 864 qui
1996 783 2212 842 tamen
2266 779 2671 865 libertatem,
2748 803 2875 868 qua

436 919 603 962 nunc
647 898 896 980 fruitur,
955 903 1265 984 perpetuo
1313 896 1502 961 debet
1547 895 1887 960 defendere
1908 945 1925 978 ,
1988 896 2249 982 eiusque
2297 896 2511 961 odium
2555 899 2623 962 in
2666 899 2873 963 immi-

437 1019 566 1079 tem
613 1014 1058 1101 crudelemque
1105 1014 1428 1079 dominum
1474 1034 1558 1078 ex
1595 1013 1772 1078 hisce
1803 1014 2089 1078 versibus
2122 1019 2187 1078 et
2219 1019 2353 1078 toto
2387 1035 2577 1100 opere
2609 1015 2873 1080 audiun-

436 1137 558 1196 tur.
607 1169 689 1180 —-
738 1133 807 1197 Si
851 1131 1124 1218 denique
1167 1131 1455 1196 addimus
1500 1129 1963 1215 Epicureorum
1995 1136 2287 1196 mutuam
2316 1131 2829 1198 benevolentiam
2854 1183 2871 1218 ,
2921 1219 2927 1224 Ι

437 1250 743 1335 pietatem
788 1269 940 1334 ergo
985 1248 1240 1313 scholae
1284 1248 1681 1334 principem,
1729 1248 2011 1312 animum
2056 1247 2137 1312 ab
2182 1247 2527 1313 honoribus
2574 1254 2639 1313 et
2681 1271 2873 1336 nego-

435 1366 541 1429 tiis
583 1365 853 1452 publicis
898 1386 1190 1430 aversum
1209 1415 1226 1448 ,
1270 1386 1399 1429 non
1443 1364 1696 1429 difficile
1741 1364 1862 1428 erit
1908 1365 2280 1448 intellectu,
2326 1387 2443 1431 cur>
2469 1371 2565 1430 tot
2597 1365 2873 1432 Romani

436 1480 626 1545 huius
671 1481 814 1545 aevi
859 1479 1180 1546 doctrinae
1225 1502 1292 1544 se
1337 1480 1758 1564 tradiderint,
1804 1501 1966 1568 quae
2012 1480 2357 1545 virtutibus
2400 1482 2639 1567 pariter
2681 1488 2873 1569 atque

438 1599 609 1662 vitiis
651 1598 871 1685 populi
917 1603 1291 1663 occurreret.

524 1715 762 1780 Omnes
831 1721 1046 1779 autem
1115 1715 1456 1801 superabat
1523 1715 1596 1778 Τ.
1644 1715 1983 1780 Lucretius
2042 1715 2242 1780 Carus
2269 1764 2286 1798 ‚
2354 1715 2534 1780 cuius
2579 1717 2874 1782 carminis

435 1830 583 1896 libri
652 1851 768 1896 sex
836 1831 913 1895 de
982 1829 1226 1895 Rerum
1291 1836 1521 1895 natura
1576 1831 1746 1894 inter
1791 1830 2168 1895 clarissimos
2212 1838 2627 1896 numerantur
2666 1833 2875 1898 fontes

437 1947 796 2034 Epicureae
857 1949 1178 2012 doctrinae
1244 1948 1352 2034 qui
1420 1953 1697 2012 aetatem
1766 1947 2069 2012 tulerunt.
2162 1947 2399 2013 Omnes
2459 1949 2627 2014 docti
2683 1950 2873 2015 hodie

439 2066 618 2152 quasi
691 2087 775 2130 ex
843 2071 1156 2131 concentu
1219 2066 1444 2151 poesin
1487 2065 1752 2151 Epicuri
1795 2064 2093 2150 laudant3
2162 2071 2453 2130 veterum
2498 2068 2564 2131 in
2608 2089 2873 2134 numero

442 2180 662 2246 Cicero
729 2182 798 2244 in
859 2180 996 2245 loco
1061 2183 1482 2272 pervulgato:
1577 2181 1900 2263 „Lucretii
1962 2187 2261 2266 poemata
2320 2187 2395 2245 ut
2459 2183 2717 2268 scribis,
2782 2185 2876 2250 ita

440 2302 628 2382 sunt3
692 2298 910 2361 multis
965 2298 1309 2362 luminibus
1371 2297 1652 2396 ingenii,
1707 2318 1837 2361 non
1906 2297 2147 2362 multae
2216 2303 2432 2363 tamen
2474 2299 2670 2363 artis”
2702 2301 2739 2384 ¹)
2808 2306 2875 2365 et

505 2468 541 2524 ¹)
607 2470 670 2518 ad
704 2468 874 2526 Quint.
908 2469 967 2517 fr.
1003 2467 1078 2518 11.
1115 2471 1160 2517 9.
1243 2466 1649 2518 Emendationem
1697 2464 1855 2516 secuti
1904 2483 2075 2538 sumus
2124 2466 2328 2531 Bergkii
2378 2467 2449 2528 (in
2500 2469 2871 2533 Programmate

438 2561 732 2612 Academiae
781 2560 1177 2626 Marburgensis‚
1229 2559 1348 2610 anni
1395 2562 1556 2623 1846).
1624 2559 1827 2610 Codices
1876 2559 2143 2624 praebent:
2222 2560 2476 2622 „Lucretii
2505 2569 2732 2626 poemata
2748 2599 2765 2624 ‚
2813 2568 2875 2614 ut

439 2654 613 2707 scribis
629 2692 644 2717 ,
693 2655 766 2707 ita
797 2660 939 2707 sunt:
989 2672 1089 2707 non
1119 2654 1292 2705 multis
1321 2653 1594 2705 luminibus
1625 2653 1816 2720 ingenii
1832 2692 1846 2716 ,
1892 2654 2077 2707 multae
2108 2659 2274 2707 tamen
2306 2655 2458 2707 artis”
2526 2655 2639 2707 Etsi
2670 2657 2875 2723 Bergkii

440 2751 830 2802 emendationem
877 2750 1036 2802 secuti
1083 2768 1252 2803 sumus
1273 2787 1286 2811 ,
1333 2756 1499 2801 tamen
1545 2750 1652 2800 eius
1695 2755 1987 2815 argumenta
2018 2766 2117 2801 non
2148 2767 2409 2815 possumus
2442 2752 2646 2816 probare
2678 2752 2843 2803 omnia
2857 2789 2872 2815 ,

439 2845 642 2896 minime
675 2850 841 2896 autem
873 2845 1000 2895 illud
1017 2882 1031 2907 ,
1083 2847 1214 2911 quod
1261 2850 1407 2909 putat
1453 2845 1508 2894 in
1553 2844 1851 2912 Hieronymi
1900 2844 2063 2897 verbis
2076 2882 2089 2907 ,
2142 2845 2233 2897 sub
2283 2862 2414 2897 anno
2464 2850 2585 2897 1923
2619 2848 2870 2898 notantis:

440 2940 620 3002 „Titus
669 2940 932 2992 Lucretius
977 2946 1122 3005 poeta
1169 2940 1389 2991 nascitur
1405 2976 1420 3001 ,
1470 2945 1639 3005 postea
1686 2940 1923 2991 amatorio
1954 2940 2132 3004 poculo
2162 2939 2217 2990 in
2270 2941 2487 2991 furorem
2534 2958 2729 3003 versus,
2762 2958 2877 2993 cum

441 3035 631 3101 aliquot
661 3035 813 3087 libros
844 3052 932 3100 per
970 3036 1234 3087 intervalla
1281 3034 1505 3085 insaniae
1551 3034 1935 3099 conscripsisset,
1986 3052 2110 3101 quos
2152 3040 2325 3099 postea
2356 3036 2527 3087 Cicero
2558 3037 2842 3089 emendavit
2857 3074 2872 3099 ,

438 3130 635 3194 propria
681 3146 733 3180 se
781 3146 932 3181 manu
979 3130 1230 3181 interfecit
1270 3147 1398 3181 anno
1447 3128 1624 3181 aetatis
1671 3130 1892 3183 XLIIII
1906 3130 1955 3191 ‚''
2000 3130 2145 3179 illum
2178 3130 2461 3181 Ciceronem
2492 3147 2597 3181 esse
2630 3132 2871 3183 Marcum.

441 3226 571 3275 Rem
601 3224 767 3289 potius
797 3224 892 3275 hoc
923 3227 1066 3277 modo
1097 3208 1342 3289 explicare
1375 3226 1610 3276 velimus:
1651 3224 1887 3285 Quintus,
1922 3224 2082 3275 Marci
2113 3226 2281 3287 frater,
2318 3226 2617 3277 Lucretiana
2647 3233 2875 3290 poemata

441 3320 721 3371 emendavit
751 3320 1015 3385 ediditque.
1083 3320 1164 3369 Ex
1213 3320 1371 3370 Marci
1416 3322 1547 3369 enim
1587 3318 1838 3370 Ciceronis
1870 3317 2065 3383 scriptis
2098 3318 2217 3369 satis
2250 3318 2463 3369 dilucide
2496 3325 2697 3385 apparet
2710 3357 2724 3382 ‚
2758 3336 2873 3371 eum

441 3414 530 3467 vix
577 3421 665 3465 aut
709 3431 964 3481 nunquam
1013 3415 1232 3466 Lucretii
1274 3431 1395 3480 opus
1426 3413 1604 3479 legisse
1622 3450 1636 3475 ‚
1670 3418 1758 3464 aut
1796 3413 1840 3463 si
1870 3413 2019 3478 legit,
2064 3429 2129 3465 ne
2158 3412 2406 3463 imbutum
2440 3414 2637 3479 quidem
2670 3431 2776 3466 esse
2808 3416 2873 3467 iis

443 3526 568 3575 quae
599 3510 790 3575 legerit.
856 3513 936 3561 An
968 3512 1078 3561 fieri
1107 3511 1296 3576 potuit,
1330 3516 1388 3561 ut
1419 3510 1652 3561 scriberet
1684 3509 1745 3559 de
1778 3508 2081 3559 simulacris:
2118 3508 2295 3574 „quid,
2330 3511 2461 3574 quod
2493 3525 2659 3561 earum
2680 3526 2843 3561 rerum
2856 3547 2871 3573 ,

441 3621 567 3671 quae
599 3622 868 3672 numquam
900 3606 1099 3657 omnino
1131 3607 1334 3658 fuemnt
1363 3622 1524 3671 neque
1545 3622 1650 3657 esse
1679 3610 1973 3669 potuerunt,
2010 3609 2067 3654 ut
2102 3604 2313 3670 Scyllae,
2347 3609 2407 3655 ut
2432 3604 2755 3655 Chimaerae?
2778 3642 2792 3655 .
2818 3642 2830 3656 .
2856 3642 2871 3656 .

441 3700 562 3765 quid
579 3738 592 3761 ‚
639 3703 772 3766 quod
788 3738 801 3761 ‚
850 3700 1054 3751 simulac
1087 3700 1212 3751 mihi
1243 3701 1518 3751 collibitum
1551 3706 1626 3751 est
1641 3737 1656 3761 ,
1699 3706 1893 3764 praesto
1924 3704 2001 3750 est
2031 3699 2233 3763 imago?
2278 3698 2399 3765 quid
2416 3735 2431 3761 ,
2465 3701 2597 3764 quod
2628 3699 2779 3750 etiam
2810 3702 2873 3751 ad

441 3796 762 3845 dormientem
808 3796 1018 3846 veniunt
1063 3798 1318 3847 invocatae
1337 3797 1390 3846 Ρ·”
1462 3798 1538 3857 (de
1584 3800 1686 3845 nat.
1721 3797 1849 3847 deor.
1886 3796 1937 3855 Ι,
1990 3796 2012 3859 §
2050 3794 2163 3861 108)
2198 3794 2242 3844 si
2272 3794 2500 3859 legisset:
2554 3794 2738 3845 Lucret
2768 3796 2869 3857 IV,

444 3892 536 3944 736
569 3907 728 3957 seqq„
765 3893 853 3944 761
889 3908 1048 3958 seqq„
1086 3892 1178 3944 780
1211 3909 1368 3958 seqq„
1403 3891 1491 3943 ubi
1521 3892 1616 3943 hae
1647 3892 1961 3943 difficultates
1993 3907 2055 3941 ex
2087 3889 2293 3953 Epicuri
2324 3894 2489 3941 mente
2525 3890 2873 3954 explicantur?

441 3986 510 4037 Et
557 3992 722 4037 tamen
769 3986 886 4036 libri
931 3988 992 4037 de
1039 3988 1240 4038 deorum
1289 3992 1466 4037 natura
1513 3989 1566 4037 in
1611 3987 1775 4036 lucem
1806 3985 2094 4049 prodierunt
2124 3985 2291 4035 decem
2322 4000 2477 4035 annos
2508 3990 2621 4049 post
2652 3984 2873 4037 Lucretii

442 4080 671 4130 carmina.
741 4080 796 4131 Si
827 4080 948 4131 haec
970 4081 1196 4154 'carmina
1227 4081 1381 4132 edidit
1414 4081 1612 4132 Marcus
1630 4118 1643 4143 ,
1679 4082 1769 4146 qui
1800 4086 1908 4131 tum
1939 4080 2028 4130 illa
2058 4080 2322 4144 praeterire
2352 4080 2552 4143 potuit?

504 4174 596 4225 Vir
643 4176 956 4226 doctissimus
1005 4176 1206 4226 Martha
1255 4178 1346 4241 (Le
1393 4178 1563 4247 poemp
1595 4178 1656 4227 de
1687 4176 1904 4227 Lucrece
1936 4192 2047 4240 pag.
2084 4178 2193 4235 351)
2228 4175 2491 4226 nonnullos
2522 4175 2709 4239 profert
2738 4176 2871 4227 locos

443 4270 725 4331 Tullianos,
775 4287 898 4337 quos
931 4272 1119 4322 confert
1151 4288 1264 4322 cum
1297 4272 1604 4323 Lucretianis
1637 4270 1783 4321 dictis
1799 4309 1814 4334 ,
1857 4276 1916 4321 ut
1944 4271 2118 4335 probet
2134 4308 2147 4333 ,
2184 4269 2467 4321 Ciceronem
2498 4276 2672 4335 poetae
2704 4276 2871 4322 nostro

441 4366 554 4430 plus
577 4382 724 4431 quam
755 4366 998 4417 modicam
1020 4382 1212 4430 operam
1236 4367 1455 4417 dedisse:
1492 4372 1545 4417 at
1575 4366 1847 4417 simnitudo
1879 4365 2056 4417 horum
2086 4366 2305 4416 locorum
2334 4366 2515 4430 partim
2546 4366 2691 4417 facile
2711 4366 2869 4430 expli-

442 4460 544 4511 cari
574 4465 736 4525 potest
767 4476 824 4511 eo
841 4497 855 4522 ,
906 4462 1038 4525 quod
1068 4466 1275 4525 uterque
1305 4459 1512 4525 Epicuri
1541 4460 1724 4525 scripta
1752 4460 1877 4525 legit
1894 4497 1909 4523 ,
1958 4461 2139 4525 partim
2169 4465 2366 4511 tantum
2396 4465 2471 4511 est
2503 4460 2730 4511 fortuita:
2784 4462 2869 4511 de-

440 4554 592 4619 nique
637 4555 936 4605 monendum
983 4560 1061 4607 est
1102 4554 1158 4605 in
1202 4556 1534 4606 Romanorum
1577 4554 1714 4608 illius
1747 4554 1924 4607 aetatis
1956 4556 2187 4607 societate
2204 4592 2218 4617 ,
2269 4560 2329 4607 ut
2358 4554 2413 4605 in
2444 4557 2619 4621 quovis
2650 4555 2871 4607 virorum

443 4650 694 4700 doctorum
743 4650 973 4701 convictu
991 4687 1006 4713 ‚
1055 4650 1236 4700 multas
1285 4650 1552 4700 sententias
1566 4686 1579 4711 ‚
1629 4650 1789 4715 multa
1818 4652 1917 4712 ἔπη
1951 4654 2229 4717 πτερόεντα
2261 4655 2456 4701 versata
2486 4666 2593 4701 esse
2607 4686 2621 4713 ‚
2670 4666 2784 4701 cum
2814 4650 2870 4701 in
