3529 5359
1689 355 1809 416 117

532 551 746 636 lasque
808 553 1283 638 putandumst.”
1326 557 1380 638 ¹).
1474 554 1633 619 Cum
1701 561 1919 619 autem
1964 555 2123 620 haec
2185 562 2675 642 pertractasset,
2736 565 2965 646 poetae

529 667 736 731 visum
782 675 876 733 est
902 720 918 753 ,
965 692 1094 734 non
1139 672 1291 735 satis
1337 671 1590 756 copiose
1637 672 2027 757 disputatum
2077 693 2212 736 esse
2261 672 2338 736 de
2384 681 2695 738 astrorum
2738 682 2960 759 mota,

530 807 718 871 quam
785 787 864 850 ob
933 809 1068 852 rem
1135 810 1226 852 vs.
1275 791 1573 853 509—33
1645 789 1886 854 addidit
1911 839 1957 881 ,Ι
1998 790 2106 876 qui
2150 789 2315 855 hanc
2362 791 2441 854 ob
2488 813 2742 858 causam
2787 813 2964 858 nexu

529 923 672 964 cum
714 905 1242 988 praecedentibus
1289 911 1526 970 carent.

613 1019 692 1082 In
755 1023 1055 1086 meteoris
1122 1023 1518 1109 explicandis
1586 1023 1924 1086 Lucretius
1994 1023 2262 1088 eandem
2332 1022 2597 1088 adhihet
2655 1023 2969 1089 rationem

528 1143 716 1222 atque
789 1138 1126 1223 EpicurUS.
1232 1140 1438 1225 Supra
1519 1140 1795 1204 Vidimus
1876 1145 2187 1226 „acptrr'ypta
2255 1151 2365 1216 τῆς
2442 1141 2744 1221 ἀληθείας
2814 1143 2966 1209 εἶναι

526 1253 640 1330 τοῖς
707 1260 1030 1332 αἰσθήσεις
1089 1263 1186 1322 καὶ
1255 1259 1606 1342 προλήψεις
1668 1263 1764 1323 καὶ
1826 1261 1903 1322 ra*
1965 1258 2181 1333 πᾶ3η”
2246 1258 2351 1341 (D.
2399 1258 2474 1321 L.
2536 1257 2620 1322 X.
2670 1261 2799 1342 31).
2890 1260 2969 1324 In

527 1373 824 1436 meteoris
883 1380 1097 1438 autem
1165 1374 1323 1439 haec
1371 1375 1493 1439 tria
1538 1375 1826 1439 adhiberi
1870 1395 1998 1438 non
2042 1381 2347 1460 possunt,
2417 1375 2714 1461 quoniam
2778 1375 2970 1439 nimis

527 1510 757 1574 magno
826 1491 1162 1556 intervallo
1229 1492 1651 1577 impedimur,
1714 1493 2050 1577 quominus
2096 1493 2552 1578 experimentis
2597 1514 2814 1556 eorum
2860 1515 2969 1558 na-

528 1613 733 1671 turam
779 1629 1251 1693 cognoscamus.
1326 1611 1536 1685 Quare
1589 1611 1779 1697 „quid
1824 1611 1891 1672 in
1936 1610 2056 1674 hoc
2101 1611 2339 1674 mundo
2384 1611 2468 1674 sit
2498 1631 2717 1675 eorum
2754 1611 2967 1694 (ratio-

528 1746 712 1809 num,
761 1747 922 1812 quae
968 1727 1328 1813 propositae
1377 1730 1548 1811 sunt)
1596 1748 1833 1813 ponere
1866 1733 2109 1791 certum
2156 1720 2407 1791 difficile
2454 1732 2589 1792 est’'
2642 1730 2757 1810 (vs.
2791 1729 2965 1812 526).

527 1841 604 1904 In
686 1849 856 1906 terra
933 1844 1144 1907 omnia
1202 1865 1330 1908 una
1390 1851 1689 1931 certaque
1754 1845 2001 1908 ratione
2070 1845 2378 1929 explicari
2444 1850 2750 1929 possunt,
2813 1849 2965 1931 ὅπερ

527 1964 622 2026 ἐπὶ
690 1966 818 2027 τῶν
879 1964 1200 2047 μετεώρων
1267 1965 1395 2050 οὐχ
1462 1963 1726 2049 ὑπάρχει
1776 1962 1881 2044 (D.
1929 1962 2005 2025 L.
2055 1964 2159 2044 86)
2194 1983 2207 1998 ·
2255 1961 2427 2041 ἀλλά
2472 1961 2665 2027 ταῦτά
2709 1991 2781 2047 γε
2825 1962 2969 2029 πλε·

527 2078 774 2162 οναχὴυ
819 2075 945 2162 ἕχει
992 2082 1088 2142 καὶ
1134 2088 1244 2154 τῆς
1290 2081 1593 2162 γενέσεως
1641 2082 1845 2143 αἰτίαν
1892 2081 1987 2144 καὶ
2034 2087 2143 2153 τῆς
2189 2079 2411 2151 οὐσίας
2456 2087 2593 2155 ταῖς
2640 2081 2968 2152 αἰσθήσεσι

529 2196 870 2278 σύμφωνον
932 2199 1332 2279 κατηγορίαν.
1424 2195 1605 2258 Haec
1668 2194 1865 2257 verba
1928 2200 2143 2257 tamen
2186 2214 2313 2257 non
2360 2193 2449 2256 sic
2492 2193 2971 2278 interpretanda

527 2315 714 2393 sunt,
783 2316 1106 2397 tamquam
1173 2333 1402 2375 revera
1468 2312 1682 2396 plures
1751 2332 1972 2374 causas
2039 2309 2318 2374 habeant
2362 2315 2687 2391 meteora,
2758 2310 2849 2373 ita
2891 2315 2964 2372 ut

527 2427 710 2491 modo
771 2429 860 2491 sic
913 2429 1112 2492 modo
1176 2429 1366 2492 aliter
1410 2429 1606 2511 fiant,
1679 2428 1790 2491 sed
1856 2427 2039 2491 nobis
2105 2427 2553 2511 indagantibus
2614 2427 2829 2511 plures
2896 2447 2963 2490 se

445 2560 450 2566 ·
527 2543 865 2607 ostendunt
945 2566 1214 2628 causae,
1295 2544 1522 2630 quibus
1597 2545 1708 2608 illa
1782 2544 2223 2628 phaenomena
2302 2543 2609 2628 explicari
2676 2543 2961 2628 possint:

525 2659 691 2724 inter
736 2660 850 2725 has
897 2683 1118 2725 causas
1162 2683 1292 2725 una
1337 2682 1489 2724 vcra
1535 2682 1672 2725 esse
1720 2661 1951 2743 debet,
2021 2683 2209 2748 quam
2253 2665 2470 2724 tamen
2514 2658 2794 2724 indicare
2838 2681 2965 2723 non

526 2800 855 2863 possumus
885 2775 952 2863 2).
1042 2780 1181 2843 Has
1249 2801 1468 2843 causas
1543 2779 1955 2865 „possibiles”
2022 2778 2311 2841 invenire
2373 2798 2704 2862 possumus
2749 2777 2802 2840 si
2848 2798 2966 2861 ea,
3052 2868 3055 2873 ‚

525 2918 685 2983 quae
730 2898 798 2961 in
843 2898 1018 2960 caelo
1073 2897 1269 2980 fiunt,
1317 2918 1460 2961 cum
1489 2897 1602 2980 iis,
1651 2917 1813 2983 quae
1845 2896 1912 2958 in
1944 2900 2113 2958 terra
2144 2893 2477 2976 videntur,
2512 2892 2964 2978 componimus.

525 3014 696 3098 Ergo
741 3015 839 3078 fac
887 3035 1025 3079 esse
1069 3014 1553 3101 phaenomenon
1598 3014 1914 3100 quoddam
1959 3013 2026 3075 in
2072 3010 2484 3098 cae10,'quod
2516 3010 2967 3096 explicandum

525 3132 682 3196 mihi
728 3133 850 3196 sit:
913 3134 980 3196 in
1025 3138 1194 3198 terra
1240 3134 1445 3197 simile
1493 3132 1644 3218 quid
1689 3132 1827 3195 fieri
1872 3130 2099 3214 vide03
2163 3129 2381 3193 licebit
2427 3128 2672 3192 dicere:
2741 3128 2965 3191 eodem

524 3248 708 3312 modo
757 3270 880 3335 quo
924 3248 1088 3332 hoc,
1139 3239 1306 3335 quod
1351 3250 1418 3311 in
1466 3256 1634 3313 terra
1681 3254 1817 3327 est,
1886 3248 1999 3330 fit,
2049 3247 2322 3311 caeleste
2370 3246 2436 3309 id
2479 3245 2966 3332 phaenomenon

523 3366 666 3447 fieri
697 3374 946 3451 potest,
1017 3389 1146 3431 non
1216 3374 1463 3431 tamen:
1513 3366 1628 3449 fit,
1677 3388 1826 3430 nam
1871 3365 2134 3448 horum,
2204 3385 2366 3451 quae
2434 3364 2501 3426 in
2547 3370 2717 3427 terra
2761 3364 2963 3447 fiunt,

526 3505 777 3550 causam
799 3478 802 3481 ’
825 3486 1281 3571 experimentis
1328 3505 1707 3568 cognoscere
1754 3505 2052 3569 possum,
2115 3484 2206 3546 ita
2266 3488 2338 3545 ut
2383 3481 2547 3546 hanc
2594 3502 2787 3546 unam
2833 3503 2965 3545 cer-

525 3607 778 3688 tamque
826 3623 962 3666 esse
1010 3602 1256 3684 dicam,
1304 3602 1371 3664 in
1416 3601 1715 3664 meteoris
1761 3600 2186 3671 autemhanc
2232 3598 2679 3663 certitudinem
2712 3598 2964 3695 assequi

524 3741 648 3782 non
694 3741 969 3805 possum.
1063 3719 1188 3793 Qui
1232 3718 1461 3783 harum
1514 3717 1989 3803 „possibilium”
2025 3737 2356 3780 causarum
2387 3716 2722 3779 nonnullas
2748 3715 2966 3798 negle-

527 3842 635 3918 gat
703 3841 768 3900 et
833 3857 1028 3901 unam
1073 3858 1189 3922 pro
1236 3836 1568 3921 explorata
1613 3834 1879 3919 probet,
1959 3855 2105 3897 cum
2165 3832 2445 3917 profecto
2494 3838 2741 3897 constat
2788 3832 2961 3895 omni

525 3960 789 4018 naturae
859 3954 1172 4017 excidisse
1231 3954 1476 4017 ratione
1545 3958 1735 4038 atque
1801 3951 1881 4014 ad
1926 3951 2171 4014 fabulas
2218 3972 2353 4014 esse
2401 3950 2790 4014 devolutum.
2879 3950 2961 4014 D.

527 4070 600 4134 L.
647 4072 731 4135 X.
781 4073 903 4134 87:
973 4070 1176 4137 πάντα
1236 4076 1347 4153 μὲν
1409 4070 1524 4135 οὖν
1587 4062 1748 4153 (cod.
1797 4067 1977 4131 Leid.
2030 4070 2125 4151 οὐ)
2173 4073 2409 4153 γίνεται
2454 4070 2761 4143 ἀσείστως
2806 4069 2958 4133 κατὰ

590 4392 622 4451 ¹)
691 4392 878 4441 Eadem
926 4406 1116 4455 semper
1157 4388 1416 4441 coniunxit
1468 4388 1731 4452 Epicurus.
1799 4389 1865 4437 D.
1918 4388 1976 4437 L.
2014 4388 2075 4436 X.
2112 4390 2189 4435 90.
2266 4387 2415 4449 ἥλιός
2451 4405 2500 4437 τε
2536 4388 2619 4437 καὶ
2654 4387 2845 4445 σελήνη
2880 4387 2965 4436 καὶ

527 4490 589 4548 τᾲ
628 4490 785 4539 λοιπὰ
822 4488 990 4550 ἄστρα
1033 4523 1076 4537 ..
1105 4526 1115 4537 .
1153 4488 1246 4535 91:
1295 4488 1385 4535 τοῦ
1447 4485 1590 4535 ἡλίου
1645 4502 1698 4533 τε
1731 4485 1816 4533 καὶ
1852 4490 1953 4533 τῶν
1988 4489 2189 4533 λοιπῶν
2222 4485 2429 4548 ἄστρων
2454 4520 2465 4532 .
2494 4518 2505 4530 .
2543 4484 2638 4531 92:
2692 4482 2837 4541 ἡλίου
2870 4482 2956 4531 καὶ

527 4584 744 4643 σελήνης
779 4584 864 4631 καὶ
898 4587 1002 4631 τῶν
1037 4586 1233 4632 λοιπῶν
1266 4582 1487 4643 ἄστρων.

587 4678 625 4743 ⁹)
694 4677 780 4728 Vs.
815 4680 907 4726 631
945 4693 1076 4743 seqq.
