3529 5359
1588 419 1706 483 121

424 641 682 707 serpere
755 642 917 707 „quo
963 621 1267 708 cuiusque
1315 621 1493 687 cibus
1537 627 1723 685 vocat
1772 625 1964 706 atque
2009 619 2238 686 invitat
2284 617 2534 683 aventis
2581 617 2875 679 flammea

423 758 544 824 per
609 739 856 802 caelum
901 739 1217 824 pascentis
1263 760 1526 824 corpora
1569 737 1847 824 passim”
1898 739 2049 820 (523
2097 736 2292 822 seqq.)
2384 733 2490 798 Ab
2539 731 2872 798 Heraclito

426 855 626 918 Stoici
670 855 896 918 miram
940 854 1104 919 hanc
1151 855 1502 920 doctrinam
1549 861 1989 941 sumpserunt:
2037 858 2267 941 putant
2312 855 2372 917 οἱ
2424 853 2691 916 Στωικοὶ
2724 845 2875 914 κατ-ἆ

423 974 501 1037 τὸ
548 970 847 1057 διάστημα
890 983 1003 1049 τῆς
1049 976 1449 1054 ὑποκειμένης
1494 984 1732 1060 τροφῆς
1781 971 2137 1059 διέρχεσθαι
2181 972 2295 1036 τὸν
2343 969 2563 1046 ἥλιον·
2596 967 2869 1042 ὠκεανὸς

427 1085 482 1154 δ’
529 1091 696 1164 ἐστιν
741 1089 779 1164 ἢ
825 1099 905 1174 γῆ
934 1137 950 1165 ,
999 1093 1074 1164 ἦς
1126 1091 1241 1165 τὴν
1292 1083 1714 1172 ἆναὲυμίασιν
1760 1091 2094 1171 ἐπινέμεται
2128 1085 2187 1169 ¹).
2284 1082 2613 1159 Quomodo
2656 1086 2872 1145 autem

423 1210 598 1268 astra
650 1204 859 1268 cibum
904 1204 1023 1268 sibi
1069 1226 1318 1269 sumere
1362 1207 1646 1290 possint,
1701 1205 1940 1292 optime
1985 1204 2168 1268 nobis
2214 1221 2522 1288 apparere
2568 1219 2653 1263 ex
2695 1198 2869 1261 hisce

423 1320 888 1386 Anacreonteis
930 1322 1220 1387 versibus
1264 1322 1560 1386 videtur:

1203 1439 1279 1506 ‘H
1328 1451 1409 1526 γῆ
1454 1440 1716 1522 μέλαινα
1760 1445 1959 1522 πίνει,

1205 1561 1363 1623 πίνει
1412 1555 1476 1623 δὲ
1523 1555 1750 1644 δένδρε’
1798 1557 1875 1623 αὖ
1918 1568 2042 1644 γῆν
2076 1577 2089 1590 ·

1202 1679 1364 1739 πίνει
1411 1673 1705 1739 θάλασσα
1753 1671 1807 1739 δ’
1836 1671 2032 1757 αὔρας
2067 1694 2081 1708 ·

1211 1795 1249 1856 ὁ
1297 1788 1560 1867 δ’ἥλιος
1610 1789 1989 1869 θάλασσαν,

1204 1909 1318 1973 τὸν
1365 1905 1422 1972 δ’
1456 1907 1644 1984 ἥλιον
1690 1906 1947 1982 σελήνη.

1203 2028 1266 2089 τί
1307 2053 1412 2107 μοι
1454 2022 1723 2110 μάχεσθ’
1769 2026 1997 2109 ἑταῖροι

1202 2142 1410 2228 stabnt?
1452 2141 1707 2206 θέλοντι
1751 2143 1955 2205 πίνειν
1986 2143 2080 2221 2);

428 2255 539 2340 qui
606 2275 824 2320 versus
881 2257 1104 2342 procul
1150 2256 1352 2321 dubio·
1387 2257 1470 2322 ad
1522 2256 1839 2321 Heracliti
1886 2255 2236 2320 doctrinam
2284 2252 2655 2318 conformati
2702 2256 2870 2314 sunt.

428 2372 742 2458 Epicurus
786 2374 950 2439 hanc
999 2374 1349 2438 doctrinam
1381 2375 1470 2439 sic
1499 2374 1956 2461 interpretatus
1987 2379 2122 2456 est,
2164 2378 2235 2436 ut
2270 2371 2399 2435 suis
2428 2367 2870 2456 philosophiae

427 2489 754 2575 principiis
813 2510 955 2569 eam
999 2490 1525 2554 accommodaret.
1587 2489 1702 2554 Ait
1761 2491 1934 2554 enim
1978 2495 2149 2554 astra
2194 2509 2260 2552 se
2292 2507 2547 2551 movere
2578 2505 2763 2570 posse
2794 2490 2871 2571 τῇ

429 2611 734 2695 θερμασίᾳ
801 2607 956 2674 κατά
1006 2611 1118 2674 τιν’
1169 2611 1520 2692 ἐπινέμησιν
1564 2616 1678 2674 τοῦ
1722 2609 1926 2695 πυρὸς
1974 2607 2062 2674 ἀεὶ
2110 2611 2204 2673 ἐπὶ
2250 2610 2401 2682 τοὺς
2446 2603 2587 2685 ἑξῆς
2633 2605 2873 2677 τόπους

429 2726 642 2799 ἰόντος
672 2721 745 2808 ³).
835 2724 931 2787 Ut
971 2726 1273 2793 flammas
1338 2724 1694 2789 lambentes
1760 2724 1842 2789 ad
1886 2724 2067 2805 loca,
2126 2743 2288 2809 quae
2335 2722 2635 2805 deinceps
2680 2725 2870 2801 sunt,

426 2847 736 2927 perpetuo
801 2841 1145 2927 procedere
1211 2842 1504 2906 videmus
1527 2892 1544 2925 ,
1615 2843 1704 2907 sic
1775 2848 1947 2907 astra
1991 2861 2240 2928 quoque
2266 2890 2282 2923 ,
2352 2860 2497 2903 cum
2542 2838 2750 2903 calore
2793 2836 2873 2900 iis

429 2978 588 3043 opus
647 2958 770 3041 sit,
836 2964 1216 3044 proserpunt
1262 2978 1338 3023 eo
1366 3009 1382 3042 ,
1445 2980 1569 3045 quo
1614 2958 1736 3023 hoc
1782 2959 1964 3045 quasi
2010 2958 2470 3023 nutrimentum
2515 2955 2869 3020 inveniunt.

429 3074 610 3140 Haec
677 3075 1020 3162 explicatio
1090 3082 1307 3140 tamen
1373 3076 1583 3140 differt
1644 3077 1724 3140 ab
1786 3097 1863 3140 ea
1887 3125 1904 3158 ,
1974 3097 2165 3162 quam
2207 3075 2546 3141 Lucretius
2590 3074 2870 3160 profert:

429 3192 628 3256 altera
693 3193 866 3256 enim
931 3192 1448 3287 mechanicorum
1511 3214 1725 3276 more,
1789 3199 1861 3256 ut
1920 3193 2013 3257 ita
2079 3192 2286 3256 dicam
2311 3241 2328 3275 ‚
2387 3190 2873 3277 phaenomenon

430 3309 747 3395 explicat,
815 3310 984 3396 quod
1051 3310 1306 3375 omnino
1374 3310 1638 3396 Epicuri
1701 3310 1989 3374 doctrina
2049 3310 2286 3396 poscit:
2346 3309 2485 3395 ipse
2530 3314 2745 3373 monet
2790 3328 2872 3371 ne

431 3434 730 3513 putemus
811 3433 982 3491 astra
1049 3429 1242 3494 κατὰ
1310 3426 1728 3515 βούλησιν
1812 3431 1928 3504 τὰς
1995 3432 2263 3505 κινήσεις
2324 3430 2552 3505 ταΰτας
2620 3424 2874 3513 λαμβά-

337 3520 343 3527 ’
433 3574 560 3611 νειν
583 3548 655 3629 4).
748 3545 1084 3609 Lucretius
1110 3595 1126 3628 ,
1196 3545 1377 3610 cuius
1445 3545 1695 3631 poetico
1772 3545 2030 3629 ingenio
2106 3545 2308 3609 altera
2380 3544 2583 3629 magis
2636 3543 2875 3630 placuit

432 3664 810 3749 explicati0‚
882 3685 1043 3750 quae
1118 3662 1435 3728 Heracliti
1494 3664 1692 3728 verba
1761 3664 1844 3727 ad
1909 3664 2188 3728 litteram
2248 3664 2472 3746 sumit,
2539 3683 2667 3726 non
2732 3683 2874 3748 per-

433 3782 718 3867 spexisse
763 3782 1055 3864 videtur,
1105 3803 1172 3845 se
1216 3781 1337 3846 hoc
1382 3782 1618 3868 placito
1664 3782 1931 3867 probato
1977 3804 2016 3846 a
2059 3781 2347 3866 magistri
2391 3782 2497 3846 via
2526 3777 2871 3845 aberrasse.

434 3898 737 3963 Ceterum
782 3900 934 3963 satis
980 3900 1102 3963 erit
1146 3900 1551 3985 perspicuum
1596 3906 1853 3985 poetam
1897 3900 1964 3962 in
2008 3905 2146 3963 tota
2187 3899 2306 3963 hac
2353 3897 2649 3963 carminis
2692 3902 2873 3983 parte

432 4015 698 4102 Epicuri
765 4018 1133 4101 exemplum
1202 4023 1491 4082 secutum
1559 4038 1714 4082 esse.
1780 4054 1861 4063 --
1930 4017 2010 4080 In
2055 4017 2197 4081 libr.
2244 4016 2298 4081 I.
2344 4038 2436 4080 VS.
2490 4018 2655 4080 1052
2702 4036 2873 4102 seqq.

499 4371 538 4434 ι)
608 4370 739 4421 Plut.
774 4369 809 4419 1.
843 4369 878 4419 1.

495 4466 537 4531 ²)
609 4465 786 4529 Bergk.
839 4464 1019 4515 Poetae
1067 4464 1163 4531 lyr.
1215 4481 1374 4529 graec.
1425 4466 1532 4516 ΙΙΙ.
1580 4482 1629 4530 p.
1671 4466 1794 4519 1057
1828 4482 1908 4516 no.
1945 4469 2022 4515 21.
2060 4467 2134 4515 ed.
2172 4469 2218 4516 3.
2287 4465 2369 4516 Sic
2400 4470 2531 4515 terra
2561 4464 2783 4515 nutritus
2814 4480 2878 4515 ex

431 4577 544 4611 aere
567 4597 582 4622 ,
617 4560 824 4626 quiescit
853 4567 1021 4611 tamen
1052 4577 1212 4625 neque
1245 4560 1411 4611 cibum
1445 4560 1542 4611 sibi
1575 4562 1769 4627 quaerit
1785 4598 1798 4623 ,
1835 4578 1908 4611 vs.
1946 4564 2038 4614 275
2076 4578 2210 4627 seqq.

496 4656 538 4721 ³)
608 4655 672 4705 D.
708 4656 765 4706 L.
799 4656 866 4705 X.
903 4658 981 4706 93.

497 4750 540 4816 4)
614 4750 675 4800 n.
712 4752 769 4801 L.
804 4752 870 4800 x.
911 4752 988 4803 77.
