3529 5359
2234 317 2269 336 ‚s
2387 301 2434 328 J*

2165 356 2184 368 “
2223 379 2232 384 -
2321 343 2463 386 -·:*‘-1
2498 347 2551 390 1ῗῆ

1639 375 1678 436 5
2312 399 2346 408 .-

449 575 740 661 voluptas
784 575 849 639 in
894 596 1136 639 errores
1179 575 1451 657 multos,
1511 581 1583 638 ut
1644 557 1853 659 ipsum
1899 573 2313 657 Ciceronem,
2359 573 2614 638 induxit
2648 575 2729 659 ¹),
2777 595 2881 666 cui

447 693 588 756 voci
632 693 698 755 in
743 693 975 756 malam
1021 698 1266 778 partem
1312 692 1672 774 adhibitae,
1719 691 2034 774 activam,
2095 696 2167 755 ut
2210 691 2303 754 ita
2348 691 2597 774 dicam,
2644 690 2881 776 signifi-

447 809 760 895 cationem
804 808 1279 890 adscribebant,
1334 828 1717 893 quamquam
1761 807 1957 870 animi
1990 805 2429 870 tantummodo
2463 807 2882 893 tranquillita-

444 925 528 988 tis
573 924 957 1011 (ἀταραξίας)
1013 925 1539 1009 significationem
1581 924 1817 988 habet:
1886 923 2079 1006 „'‹‘2'rav
2142 925 2260 991 οὖν
2305 925 2588 1011 λέγωμεν
2635 923 2878 1002 ἡδονὴν

448 1043 632 1116 τέλος
699 1042 894 1123 εἶναι,
969 1043 1064 1107 01'1'
1111 1040 1224 1116 τας
1270 1047 1397 1107 τῶν
1443 1043 1706 1107 α’σώτωυ
1752 1040 1992 1127 ἡδουας
2062 1047 2157 1107 καὶ
2224 1042 2339 1116 τὰς
2406 1045 2470 1107 ἐν
2536 1041 2882 1108 α’πολαύσει

449 1163 720 1240 κειμένας
783 1158 1092 1243 λέγομεν,
1158 1160 1244 1233 ὥς
1302 1187 1467 1233 τινες
1511 1159 1897 1244 ἀγνοοῦντες
1964 1164 2059 1224 καὶ
2111 1159 2257 1244 ὀὐχ
2325 1158 2795 1244 ὁμολογοῦντες
2843 1158 2879 1234 ἢ

450 1282 650 1352 κακῶς
719 1273 1108 1362 ἐκδεχόμενοι
1169 1276 1578 1359 νομίζουσιν,
1635 1274 1809 1340 α’λλᾰ
1873 1277 1944 1340 τὸ
2010 1275 2149 1351 μήτ’
2208 1275 2433 1358 ἀλγεῖν
2494 1273 2643 1341 κατὰ
2704 1279 2891 1358 σῶμα.

457 1396 606 1477 μήτε
651 1395 1056 1478 ταράττεσθαι
1101 1392 1255 1458 κατᾶ
1297 1392 1578 1479 ψυχήυ”.
1626 1391 1706 1456 D.
1753 1392 1829 1456 L.
1877 1391 1961 1455 X.
2015 1394 2157 1456 131.

533 1509 828 1595 Denique
890 1531 1034 1572 cum
1079 1508 1424 1573 vehemens
1470 1513 1638 1572 esset
1681 1514 2005 1572 certamen
2048 1509 2217 1572 inter
2263 1514 2605 1573 sectatores
2650 1509 2883 1573 utrius-

450 1649 571 1713 que
639 1627 932 1709 scholae,
1001 1648 1234 1711 magna
1300 1648 1445 1712 pars
1510 1626 1698 1691 huius
1766 1626 2121 1690 calumniae
2191 1626 2420 1689 Stoicis
2465 1625 2883 1690 adscribenda

451 1750 587 1826 est,
634 1745 743 1830 qui
786 1765 900 1830 per
943 1744 1035 1808 fas
1083 1750 1148 1808 et
1192 1744 1368 1807 nefas
1415 1744 1807 1807 adversarios
1852 1764 1997 1807 suos
2042 1741 2583 1828 persequebantur
2611 1740 2685 1820 2).

534 1861 834 1926 Veriores
895 1883 1156 1944 causaS,
1225 1861 1279 1924 si
1343 1861 1494 1947 quid
1538 1861 1829 1924 videmus
1852 1910 1868 1942 ,
1931 1859 2155 1924 afferre
2199 1859 2351 1923 licet
2394 1859 2528 1923 has.
2620 1858 2883 1946 Epicuri

450 1978 732 2042 doctrina
786 1978 862 2060 in
926 1977 1115 2042 rebus
1182 1977 1332 2042 visis
1399 1976 1811 2058 versabatur,
1882 1976 2019 2040 eius
2085 1975 2490 2062 philosophia
2568 1976 2880 2062 imprimis

449 2102 714 2160 naturae
761 2095 1182 2180 cognitionem
1214 2095 1716 2181 qualemcunque
1743 2143 1758 2176 ,
1806 2115 1990 2157 veras
2019 2114 2233 2158 rerum
2265 2115 2527 2177 causas,
2576 2093 2841 2158 docebat
2867 2144 2883 2176 ,

455 2214 621 2300 quod
667 2235 808 2278 cum
855 2213 1289 2277 Romanorum
1335 2213 1578 2295 indole,
1623 2211 1955 2275 notionum
2001 2231 2214 2274 rerum
2246 2232 2285 2273 a
2316 2211 2606 2275 sensibus
2642 2211 2887 2275 seiunc-

453 2337 660 2396 tarum
708 2331 1179 2417 inquisitionem
1211 2330 1674 2417 adspernante,
1721 2328 1960 2415 optime
1992 2326 2399 2411 congruebat.
2492 2327 2650 2409 „Oui
2679 2328 2886 2392 bono”

452 2469 700 2540 semper
743 2448 1008 2532 rogabat
1053 2447 1380 2511 Romanus
1425 2446 1562 2509 vir:
1611 2444 1762 2531 quin
1810 2444 2003 2508 etiam
2049 2444 2314 2526 Cicero,
2362 2466 2743 2530 quamquam
2774 2465 2888 2530 per

453 2586 518 2628 se
565 2565 894 2628 scientiam
937 2565 1329 2651 voluptatem
1377 2563 1600 2626 afferre
1648 2561 1899 2626 dicebat
1924 2559 1967 2644 ³)
1994 2611 2011 2643 ,
2035 2566 2272 2626 tamen
2318 2582 2432 2646 per
2477 2582 2697 2626 omnes
2742 2584 2887 2628 suas

450 2683 916 2769 philosophicas
983 2682 1472 2747 exercitationes
1538 2686 1782 2744 certum
1850 2679 2041 2743 finem
2102 2685 2250 2743 ante
2310 2679 2523 2744 oculos
2565 2678 2886 2764 habebat;

452 2822 578 2887 quo
650 2802 846 2867 etiam
891 2800 1129 2865 factum
1175 2806 1306 2881 est,
1353 2804 1425 2862 ut
1469 2798 1600 2861 fere
1648 2817 1867 2861 omnes
1912 2795 2220 2882 Epicurei
2264 2796 2567 2880 Romani,
2614 2795 2761 2860 inde
2806 2796 2886 2860 ab

450 2918 770 2983 Amafinio
814 2938 1014 3004 usque
1059 2915 1142 2981 ad
1185 2917 1576 2997 Lucretium,
1622 2914 1952 3001 physicam
1999 2913 2271 2999 Epicuri
2316 2913 2665 2980 doctrinam
2695 2913 2889 2999 potis-

451 3036 679 3099 simum
725 3040 1087 3099 tractarent.
1177 3034 1442 3098 Minime
1485 3038 1659 3097 recte
1707 3052 1858 3115 ergo
1902 3031 2192 3113 nonnulli
2213 3030 2263 3114 4)
2308 3029 2621 3095 affirmare
2668 3028 2887 3093 viden-

453 3157 558 3216 tur
603 3152 932 3239 physicam
967 3151 1315 3214 doctrinam
1359 3172 1398 3215 a
1431 3150 1719 3213 Romano
1764 3147 2023 3231 ingenio
2057 3168 2312 3232 prorsus
2342 3146 2536 3211 fuisse
2566 3146 2841 3211 alienam
2868 3167 2883 3210 z

452 3269 724 3353 Vergilii
754 3268 989 3332 verba:
1045 3268 1237 3349 „felix
1286 3267 1394 3353 qui
1439 3265 1648 3352 potuit
1678 3286 1891 3329 rerum
1938 3284 2316 3348 cognoscere
2347 3263 2615 3327 causas”
2666 3284 2885 3327 eorum

453 3382 813 3471 opinionem
859 3384 1094 3468 reddit,
1141 3384 1249 3470 qui
1296 3384 1718 3467 agriculturae
1750 3388 1927 3446 tanto
1962 3382 2170 3445 studio
2200 3380 2654 3446 incumbebant
2685 3402 2884 3467 eoque

453 3502 589 3587 ipso
637 3501 717 3565 ad
760 3507 1026 3565 naturae
1071 3500 1334 3564 rationis
1378 3500 1934 3584 investigationem
1980 3498 2415 3582 ducebantur,
2463 3500 2713 3564 etiamsi
2742 3500 2887 3564 reli-

455 3618 657 3702 gionis
689 3617 944 3681 vincula
987 3618 1229 3682 animos
1274 3640 1312 3681 a
1355 3618 1556 3681 libera
1586 3616 2077 3700 investigatione
2107 3615 2487 3679 retinebant.
2544 3616 2889 3681 Praeterea

453 3733 654 3797 forma
697 3734 802 3797 vel
832 3734 1104 3809 elocutio
1136 3733 1597 3819 Epicureorum
1629 3732 2006 3817 scriptorum
2037 3732 2271 3810 multos
2300 3730 2620 3796 alliciebat
2646 3753 2659 3795 :
2706 3730 2886 3815 haec,

519 3935 557 4000 ¹)
629 3934 774 3985 Tusc.
811 3934 916 3985 III.
953 3938 1046 3995 20,
1083 3938 1160 3984 49.
1211 3934 1273 3985 V.
1311 3938 1371 3985 26
1406 3939 1456 3985 et
1486 3934 1685 3999 passim.

517 4029 557 4094 ²)
630 4029 712 4079 Sic
744 4028 994 4080 Diotimus
1013 4066 1026 4090 ,
1063 4027 1256 4079 Stoicus
1288 4028 1610 4093 philosophus
1629 4065 1641 4089 ,
1679 4028 1742 4077 D.
1779 4029 1837 4077 L.
1872 4028 1939 4077 X.
1976 4032 2003 4077 3
2038 4033 2089 4079 et
2120 4026 2207 4078 alii
2240 4031 2285 4077 4.
2351 4028 2509 4078 Recte
2546 4027 2883 4090 Schoemann,

455 4127 515 4175 (10
562 4126 678 4175 Nat.
715 4126 843 4175 deor.
878 4141 990 4189 pag.
1027 4130 1086 4175 3:
1155 4126 1310 4186 „Wer
1339 4142 1436 4175 nur
1468 4125 1879 4206 einigermaassen
1910 4124 2003 4174 mit
2034 4126 2120 4174 der
2154 4123 2447 4174 Geschichte
2481 4124 2567 4174 (101·
2598 4124 2733 4174 alten
2766 4124 2885 4175 Phi-

453 4221 672 4284 losophie
719 4223 823 4271 und
871 4222 956 4270 der
1006 4222 1216 4284 Kampfe
1250 4222 1334 4271 (101·
1367 4219 1746 4271 verschiedenen
1782 4219 1998 4270 Schulen
2030 4218 2251 4269 bekannt
2281 4218 2349 4269 ist
2367 4256 2380 4279 ‚
2431 4219 2517 4269 der
2548 4219 2693 4270 weiss
2726 4219 2853 4269 auch
2871 4257 2884 4282 ,

455 4318 566 4366 dass
598 4316 707 4366 hier
737 4316 878 4366 nicht
909 4316 1083 4367 111111101-
1114 4317 1207 4366 mit
1238 4332 1364 4381 ganz
1398 4316 1648 4366 redlichen
1670 4315 1869 4365 Waffen
1891 4314 2149 4379 gestritten
2171 4316 2340 4365 wurde
2357 4352 2370 4375 ‚
2405 4315 2613 4365 sondern
2644 4314 2889 4381 vielffltig

456 4411 583 4461 auch
613 4411 939 4476 Verdrehung
955 4448 968 4473 ,
1019 4412 1341 4485 Entstellung
1373 4411 1475 4460 und
1508 4408 1879 4473 unberechtigte
1931 4408 2495 4474 Consequenzmacherei·
2525 4425 2615 4459 aus
2647 4410 2742 4460 (1011
2776 4410 2886 4460 Sat-

456 4523 550 4557 zen
581 4508 668 4557 der
700 4508 896 4571 (1031101-
925 4506 1180 4558 vorkam.”

519 4603 558 4667 ³)
629 4604 689 4652 (10
722 4602 834 4652 Fin.
867 4602 912 4651 1.
951 4602 994 4654 7.

519 4694 562 4757 ⁴)
630 4694 794 4745 Ritter
824 4700 874 4745 et
908 4695 1123 4745 Preller:
1159 4694 1296 4745 Hist.
1331 4695 1506 4758 philos.
1572 4696 1742 4759 Lange
1760 4732 1774 4757 ,
1811 4694 1985 4745 Gesch.
2021 4694 2105 4743 des
2139 4692 2382 4743 Mater-inl.
