3529 5359
1570 377 1652 440 65

383 583 612 666 ἐάνπερ
659 578 912 667 διαμένῃ
956 582 1028 647 τὸ
1078 577 1193 656 ὀξὺ
1240 582 1391 646 κατὰ
1439 585 1553 658 τὴν
1600 580 1895 657 αἴσθησιν
1943 579 2165 664 (408),
2212 580 2365 646 ἀλλ’
2398 582 2506 646 ἐὰν
2538 587 2637 648 καὶ
2674 581 2833 658 αὕτη

386 695 820 773 ξυναπόληται
877 703 992 762 τοῦ
1060 697 1486 783 στεγάζοντος
1554 697 1863 777 λυθέντος
1926 697 2036 762 εἴθ’
2100 696 2259 763 ὅλου
2304 698 2417 763 εἴτε
2465 703 2561 764 καὶ
2605 701 2836 784 μέρους

384 814 567 888 τινός
616 832 629 846 ·
676 814 748 879 τὸ
819 811 882 879 δὲ
943 812 1177 878 λοιπὸν
1246 814 1558 899 ἄθροισμα
1622 810 1911 896 διαμένον
1957 818 2055 878 καὶ
2104 813 2265 879 ὅλον
2311 819 2408 879 καὶ
2457 813 2608 880 κατὰ
2652 818 2841 900 μέρος

386 931 509 995 οὐκ
567 930 693 1017 ἕχει
751 933 877 1006 τὴν
938 931 1270 1008 αἴσθησιν,
1342 934 1574 996 ἐκείνου
1629 930 2123 1017 ἀπηλλαγμένου
2198 935 2358 997 ὅσον
2403 935 2554 998 ποτέ
2597 935 2723 998 ἐστι
2766 933 2839 998 τὸ

391 1056 726 1113 συντεῖνον
758 1052 886 1113 τῶν
918 1047 1172 1130 ἀτόμων
1205 1047 1462 1123 πλῆθος
1493 1052 1580 1124 εἰς
1611 1051 1727 1125 τὴν
1755 1059 1867 1128 τῆς
1900 1051 2114 1135 ψυχῆς
2142 1053 2332 1135 φύσιν
2359 1050 2475 1133 (VS.
2502 1046 2836 1132 596-416).

481 1163 824 1228 Omisimus
849 1170 1065 1228 autem
1083 1185 1176 1228 vs.
1197 1167 1537 1228 370—396
1557 1213 1573 1246 ,
1600 1164 1828 1250 quibus
1845 1165 2196 1228 Democriti
2227 1165 2576 1230 doctrinam
2607 1166 2841 1230 refutat

387 1289 604 1368 poeta.
674 1281 1278 1346 Animadvertamus
1327 1282 1638 1368 imprimis
1681 1282 2119 1346 Democritum
2161 1283 2239 1347 ab
2272 1283 2605 1369 Epicureis
2636 1283 2842 1348 refelli

390 1402 508 1464 ubi
542 1402 979 1488 opportunitas
1025 1401 1228 1466 datur.
1320 1401 1528 1466 Causa
1573 1422 1684 1464 cur
1728 1399 1849 1464 1100
1880 1400 2145 1465 fecerint
2179 1401 2330 1466 satis
2361 1403 2696 1488 perspicua
2726 1407 2841 1465 est.

389 1518 535 1593 Quo
595 1518 799 1602 magis
861 1519 1030 1582 enim
1089 1518 1355 1604 patebat
1419 1518 1679 1604 Epicuri
1747 1516 2077 1604 physicam
2145 1518 2496 1583 doctrinam
2564 1524 2762 1582 totam
2806 1539 2845 1582 a

387 1636 764 1700 Democrito
811 1657 948 1700 esse
995 1642 1310 1718 sumtam,
1359 1657 1434 1712 eo
1477 1637 1623 1722 plus
1669 1657 1899 1721 operae
1948 1636 2121 1700 dedit
2166 1642 2238 1701 ut
2267 1635 2388 1701 hoc
2420 1638 2681 1720 celaret,
2728 1637 2844 1700 im-

389 1753 618 1840 primis
687 1775 763 1818 ea
833 1752 1198 1818 extollendo
1218 1802 1234 1835 ,
1296 1753 1525 1839 quibus
1584 1752 1664 1817 ab
1709 1754 1820 1818 illo
1868 1752 2265 1839 discrepabat
2310 1760 2499 1840 atque
2556 1755 2844 1840 petulan-

389 1878 497 1934 ter
563 1871 629 1934 in
693 1892 839 1935 eum
884 1870 1242 1935 invehendo
1298 1872 1725 1957 (Δημόκριτον
1774 1875 2164 1958 Ληρόκριτον
2210 1872 2290 1935 D.
2337 1873 2411 1936 L.
2460 1871 2543 1936 X.
2594 1874 2681 1956 8).
2740 1872 2845 1936 Sic

391 1989 742 2053 Lucretius
787 2009 1036 2075 quoque
1083 1989 1250 2051 inter
1289 2009 1550 2071 omnes,
1599 2009 1755 2074 quos
1800 1989 2076 2071 refutat,
2124 1988 2565 2075 philosophos,
2612 1990 2845 2054 Demo-

394 2105 634 2168 critum
683 2105 1052 2190 saepissime
1097 2104 1353 2168 nomine
1398 2104 1678 2187 indicat,
1726 2110 1799 2168 ut
1841 2106 2217 2188 magistrum
2248 2126 2427 2168 suam
2462 2105 2810 2170 doctrinam
2831 2157 2847 2190 ,

389 2243 528 2286 non
587 2243 626 2285 a
691 2222 1057 2286 Democrito
1119 2227 1391 2286 sumtam
1417 2271 1433 2304 ,
1494 2220 1791 2286 habuisse
1844 2223 2152 2286 ostendat.
2244 2223 2585 2288 Omisimus
2630 2230 2844 2288 autem

391 2360 508 2403 eos
553 2359 776 2402 versus
821 2339 1120 2424 quoniam
1165 2339 1347 2402 nobis
1392 2338 1690 2402 videntur
1730 2360 1859 2402 non
1904 2361 2015 2403 suo
2060 2340 2197 2404 1000
2245 2341 2461 2426 scripti
2508 2361 2665 2405 esse.
2728 2341 2845 2405 Ait

394 2458 574 2522 enim
620 2463 811 2542 poeta
855 2457 1078 2520 falsam
1125 2477 1261 2520 esse
1294 2456 1644 2520 Democriti
1677 2457 2093 2539 sententiam,
2127 2478 2271 2520 cum
2308 2459 2623 2544 „corporis
2654 2464 2843 2546 atque

392 2575 597 2640 animi
661 2574 1006 2661 primordia
1031 2624 1047 2657 ,
1119 2575 1369 2657 singula
1434 2575 1631 2659 privis
1699 2575 2027 2659 adposita,
2098 2576 2357 2639 alternis
2416 2577 2703 2659 variare,
2770 2599 2843 2641 ac

391 2698 659 2757 nectere
704 2693 1008 2757 nembra”
1055 2698 1240 2778 putet
1267 2692 1323 2775 ¹).
1370 2675 1538 2756 Nam
1581 2693 1925 2778 primordia
1968 2694 2164 2757 animi
2193 2695 2393 2758 multo
2425 2695 2671 2759 minora
2702 2716 2845 2759 cum

395 2810 531 2872 sint
576 2830 766 2895 quam
809 2810 1121 2895 001110113,
1191 2809 1385 2872 etiam
1429 2810 1727 2894 pauciora
1774 2814 1961 2891 sunt,
2019 2809 2187 2896 quod
2230 2810 2379 2874 inde
2424 2811 2551 2875 iam
2582 2816 2841 2896 pateat,

389 2925 568 3013 quod
625 2927 825 2990 multa
899 2926 1068 2989 levia
1128 2932 1192 2989 et
1257 2947 1456 3011 parva
1524 2927 1894 3011 corpuscula
1952 2927 2272 2991 interdum
2316 2924 2384 2991 in
2429 2950 2655 3015 corpus
2698 2950 2839 2993 nos-

393 3051 573 3107 trum
619 3043 847 3107 cadant
891 3045 994 3107 vel
1039 3044 1106 3107 in
1155 3044 1290 3108 eius
1335 3044 1668 3129 superficie
1715 3066 1781 3107 se
1826 3051 2159 3128 moveant,
2228 3066 2389 3131 quae
2436 3048 2670 3111 sentire
2717 3069 2845 3111 non

390 3162 732 3249 possimua
823 3161 914 3226 At
989 3163 1042 3225 si
1097 3163 1290 3225 animi
1352 3163 1640 3247 singulae
1703 3164 1900 3226 atomi
1944 3163 2211 3247 singulis
2258 3171 2469 3227 essent
2516 3165 2841 3250 appositae

391 3281 681 3366 eorporis
724 3280 993 3363 atomis,
1041 3281 1216 3345 nulla
1260 3301 1364 3344 res
1409 3302 1635 3366 corpus
1681 3280 2003 3363 attingens
2049 3287 2179 3343 tam
2222 3302 2419 3366 parva
2464 3287 2647 3364 esset,
2694 3282 2846 3367 quin

395 3396 692 3460 sensibus
738 3396 1216 3482 perciperetur,
1265 3398 1412 3484 quia
1457 3418 1602 3461 cum
1649 3416 1899 3481 semper
1944 3402 2153 3459 atomo
2186 3396 2349 3460 foret
2377 3398 2620 3479 maior,
2652 3398 2846 3461 animi

392 3520 644 3579 atomos
711 3515 1075 3598 attingeret.
1183 3514 1366 3579 Haec
1425 3516 1622 3598 igitur
1691 3513 2135 3598 disputationis
2202 3493 2348 3599 pars
2416 3515 2695 3601 pertinet
2767 3515 2847 3579 ad

393 3631 680 3716 corporis
725 3637 789 3695 et
835 3631 1032 3695 animi
1077 3632 1620 3714 coniunctionem,
1669 3631 1747 3694 de
1794 3653 1918 3717 qua
1962 3653 2053 3695 vs.
2104 3634 2401 3696 323—50
2445 3631 2692 3697 locutus
2752 3622 2848 3697 est

392 3754 591 3835 poeta
651 3754 715 3813 et
783 3770 890 3813 eos
957 3749 1256 3834 subsequi
1319 3748 1509 3829 debet
1541 3748 1609 3826 2).
1700 3747 1950 3812 Deinde
2012 3755 2155 3834 post
2205 3770 2297 3812 vs.
2371 3751 2494 3813 395
2565 3749 2849 3836 sequitur

393 3885 494 3928 vs.
545 3867 706 3948 350,
752 3865 860 3951 qui
890 3865 1116 3950 incipit
1147 3887 1184 3928 a
1223 3865 1434 3928 verbis
1487 3865 1690 3950 „quod
1729 3886 1919 3950 super
1966 3866 2137 3948 est'U’,
2205 3887 2368 3951 quae
2416 3866 2846 3931 demonstrare

394 3980 701 4045 videntur
760 3982 886 4046 iam'
955 3983 1369 4067 praecessisse
1431 3982 1622 4046 aliam
1694 3983 2157 4066 obiectionem,
2225 4005 2511 4071 quaeque
2557 3984 2721 4050 hanc
2767 3986 2845 4049 ob

395 4119 541 4162 rem
599 4119 710 4162 suo
761 4097 900 4162 loco
946 4100 1180 4185 scripta
1225 4106 1370 4163 sunt
1416 4100 1484 4163 in
1529 4105 1789 4182 nostro,
1857 4121 1985 4163 non
2031 4106 2246 4165 tamen
2290 4101 2359 4164 in
2402 4103 2845 4188 manuscriptt.

469 4454 505 4511 ¹)
573 4452 658 4503 Vs.
697 4453 808 4505 372.

469 4547 513 4611 2)
579 4548 658 4597 Ad
688 4547 866 4597 horum
899 4547 1118 4597 locorum
1151 4546 1584 4598 commutationem
1616 4548 1957 4612 explicandam
1982 4548 2187 4599 fortasse
2207 4565 2309 4599 non
2330 4548 2509 4599 inutile
2532 4554 2607 4599 est
2628 4549 2848 4599 animad-

399 4647 594 4694 vertere
642 4642 854 4692 alterum
903 4645 964 4691 20
999 4658 1170 4693 versus
1193 4679 1207 4703 ,
1263 4642 1495 4707 paginam
1527 4642 1686 4693 nostri
1717 4643 1899 4693 codicis
1932 4644 1978 4692 A
1992 4679 2006 4704 ,
2040 4642 2251 4693 alterum
2284 4646 2346 4693 26
2380 4660 2551 4696 versus
2568 4681 2583 4707 ,
2618 4644 2849 4710 paginam

402 4736 662 4803 archetypi
695 4738 958 4789 continere.

2468 4838 2507 4900 5
