3529 5359
1591 391 1710 452 107

429 609 670 653 surum.
761 589 1068 653 Munrous
1113 596 1327 654 autem
1373 597 1557 677 putat
1603 591 1975 655 Lucretium
2022 591 2267 655 Stoicos
2311 589 2415 654 hic
2448 589 2781 670 refellere,
2815 594 2880 653 et

427 705 634 767 multa
698 711 1075 788 argumenta
1136 705 1321 769 affert
1365 706 1446 769 ad
1490 705 1654 770 hanc
1702 708 2066 792 opinionem
2114 706 2576 771 defendendam
2606 705 2669 788 ¹).
2760 705 2879 769 At-

429 827 650 885 tamen
696 822 755 886 ei
801 823 1094 898 assentiri
1142 845 1271 886 non
1316 843 1682 908 possumne,
1731 826 2020 910 quamvis
2062 824 2359 887 lubenter
2389 822 2456 886 id
2485 823 2878 886 faceremus:

427 960 620 1022 nam,
681 940 734 1003 si
781 940 1026 1004 Stoicos
1070 938 1170 1004 his
1219 949 1616 1026 oppugnaret
1660 949 1893 1028 poeta,
1960 963 2147 1007 nemo
2194 947 2399 1024 esset,
2448 941 2557 1027 qui
2612 945 2877 1023 negaret

429 1078 580 1121 eum
645 1056 802 1122 haec
867 1065 1242 1142 argumenta
1302 1081 1384 1123 ex
1445 1060 1708 1146 Epicuri
1754 1060 2005 1146 scriptis
2052 1060 2412 1146 sumpsisse.
2505 1057 2630 1123 Sed
2678 1041 2875 1122 Stoici

426 1175 738 1239 mundum
806 1182 1138 1239 aeternum
1207 1197 1344 1240 esse
1411 1177 1734 1261 negabant
1759 1176 1847 1261 2):
1918 1179 2250 1263 ἐκπυρώσει
2299 1177 2511 1241 omnia
2552 1176 2872 1262 peribunt.

427 1291 798 1356 Heraclitus
864 1293 1061 1356 talem
1104 1294 1329 1357 mundi
1374 1295 1705 1358 interitum
1749 1296 1878 1359 iam
1926 1294 2177 1359 docuit:
2242 1273 2345 1361 ἕνα
2392 1294 2544 1359 εἶναι
2592 1295 2830 1376 κόσμον
2856 1341 2873 1376 ,

424 1413 778 1495 γεννᾶσθαί
841 1439 904 1475 τε
974 1411 1166 1476 αὐτὸν
1226 1415 1288 1476 ἐκ
1353 1413 1557 1498 πυρὸς
1619 1417 1713 1478 καὶ
1776 1413 1974 1478 πάλιν
2034 1415 2455 1497 ἐκπυροῦσθαι
2502 1411 2663 1502 κατά,
2698 1437 2874 1484 τινας

425 1524 762 1611 περιόδους
808 1526 1092 1602 ἐναλλὰξ
1135 1530 1248 1595 τὸν
1296 1532 1623 1610 σύμπαντα
1673 1534 1868 1595 αἰῶνα
1888 1527 1953 1612 3).
2044 1529 2211 1592 Eum
2260 1533 2597 1614 sequentes
2644 1525 2871 1591 Stoici:

424 1646 662 1730 ἀρέσκει
726 1643 788 1712 δὲ
853 1655 990 1720 τοῖς
1033 1643 1500 1731 πρεσβυτάτοις
1545 1653 1672 1711 τῶν
1719 1649 1846 1712 ἀπὸ
1892 1658 2003 1723 τῆς
2051 1651 2344 1733 αἱρέσεως
2388 1649 2614 1722 ταύτης
2646 1695 2663 1723 ,
2708 1643 2872 1719 ἐξαε-

423 1767 696 1847 ροῦσθαι
753 1763 960 1829 πάντα
1029 1765 1176 1828 κατὰ
1248 1760 1581 1849 περιόδους
1648 1768 1826 1840 τινὰς
1888 1766 2001 1841 τὰς
2047 1769 2350 1848 μεγίστας
2398 1766 2487 1840 εἷς
2533 1767 2659 1849 πῦρ
2706 1765 2873 1827 ‹2235-
2943 1842 2947 1846 ι

421 1876 625 1963 ρῶδες
696 1880 1146 1960 ἄναλυομένων
1211 1881 1470 1946 πάντων
1493 1879 1558 1962 ⁴).
1678 1883 1954 1967 Ἀρέσκει
2023 1878 2076 1947 δ’
2120 1882 2333 1960 αὐτοῖς
2411 1885 2508 1946 καὶ
2586 1880 2872 1966 φθαρτὸν

423 1995 581 2061 εἶναι
640 1998 754 2062 τὸν
824 1999 1100 2078 κόσμον,
1172 1996 1275 2062 ἅτε
1319 2000 1588 2084 γενητὸν
1630 2004 1719 2085 τῷ
1766 1997 1949 2085 λόγῳ
1992 2003 2121 2064 τῶν
2168 1996 2241 2064 δι’
2289 1999 2644 2072 αἰσθήσεως
2691 2023 2871 2062 νοου-

420 2115 663 2194 μένων,
727 2113 800 2178 οὗ
870 2114 947 2178 τά
1006 2141 1068 2179 τε
1129 2118 1280 2200 μέρη
1328 2116 1580 2199 φθαρτά
1627 2118 1751 2180 ἐστι
1799 2119 1896 2179 καὶ
1943 2116 2015 2179 τὸ
2064 2115 2260 2192 ὅλον,
2328 2116 2405 2179 τὰ
2453 2111 2515 2180 δὲ
2560 2117 2712 2198 μέρη
2757 2119 2869 2178 τοῦ

423 2232 665 2312 κόσμου
735 2231 986 2316 φθαρτά
1018 2251 1033 2266 ·
1107 2235 1194 2306 εἰς
1263 2230 1522 2308 ἄλληλα
1589 2234 1714 2318 ’γὰρ
1782 2229 2222 2318 μεταβάλλει·
2288 2233 2573 2317 φθαρτὸς
2641 2231 2762 2317 ἄρα
2831 2235 2867 2296 ὁ

423 2347 665 2428 κόσμος
697 2367 712 2382 ·
783 2351 880 2412 καὶ
951 2348 1002 2413 εἴ
1066 2376 1122 2412 τι
1189 2345 1565 2414 ἐπιδεκτικόν
1612 2351 1738 2414 ἐστι
1783 2359 1892 2425 τῆς
1942 2352 2037 2415 ἐπὶ
2082 2350 2155 2414 τὸ
2205 2359 2424 2436 χεῖρον
2467 2346 2868 2435 μεταβολῆς,

424 2464 714 2547 φθαρτόν
782 2465 956 2528 ἐστι’
1005 2469 1101 2528 καὶ
1170 2467 1206 2528 ὁ
1261 2466 1499 2545 κόσμος
1547 2464 1667 2549 ἄρα
1701 2486 1715 2500 ·
1766 2464 2181 2552 ἐξαυχμοῦται
2226 2466 2350 2550 γὰρ
2397 2469 2492 2530 καὶ
2540 2462 2869 2560 ἐξυδατοῦ-

421 2609 522 2645 ται
539 2583 603 2662 ⁵).
696 2579 1080 2664 CleantheS,
1150 2581 1258 2667 qui
1328 2582 1526 2645 solem
1594 2581 1903 2646 dominari
1964 2589 2027 2645 et
2072 2603 2283 2646 rerum
2329 2582 2519 2667 potiri
2565 2587 2749 2667 putat
2778 2585 2866 2665 ὓ),

419 2705 500 2784 τῇ
557 2701 892 2783 ἐκπυρώσει
952 2700 1120 2787 λέγει
1185 2705 1301 2777 τὴν
1371 2701 1649 2778 σελήνην
1718 2707 1814 2767 καὶ
1883 2700 1958 2766 rt}
2026 2700 2219 2767 λοιποὶ
2276 2702 2471 2788 ἄστρα
2520 2703 2634 2767 τὸν
2678 2701 2867 2779 ἥλιον

421 2813 820 2898 ἐξομοιώσειν
875 2819 1081 2883 πάντα
1149 2820 1344 2903 {avt-cf
1403 2797 1500 2883 καὶ
1561 2818 1947 2904 μεταβαλεῖν
2008 2822 2094 2899 εἷς
2158 2822 2382 2885 ἑαυτόν
2417 2822 2478 2902 ⁷).
2569 2818 2669 2882 Re
2713 2839 2869 2883 Vera

419 2936 496 2995 ut
539 2951 624 2995 ex
667 2932 932 2997 Eusebii
977 2933 1115 2998 loco
1160 2933 1345 2998 modo
1391 2934 1649 2999 laudato
1693 2930 1997 3021 apparet,
2060 2935 2230 2999 inter
2272 2935 2657 2999 recentiores
2702 2934 2867 3000 Stoi-

420 3068 531 3112 cos
595 3048 894 3132 fuerunt,
955 3050 1066 3136 qui
1131 3051 1440 3115 mundum
1501 3058 1835 3116 aeternum
1896 3072 2033 3116 esse
2082 3056 2428 3137 putarent,
2495 3053 2665 3115 inter
2708 3072 2867 3137 quos

420 3164 770 3230 Panaetius
801 3165 850 3250 ⁸)
920 3172 986 3231 et
1042 3167 1307 3232 fortasse
1365 3168 1653 3233 Boethus
1683 3166 1732 3252 ⁰)
1804 3168 2181 3233 numerandi
2235 3175 2423 3252 sunt,
2492 3168 2605 3233 sed
2650 3174 2866 3234 tamen

421 3283 708 3347 Lucretii
769 3289 1055 3370 tempore
1117 3286 1314 3350 Stoici
1383 3286 1630 3350 Romae
1690 3291 1944 3351 veteres
1990 3285 2241 3351 scholae
2286 3286 2603 3372 principes
2650 3307 2868 3372 seque-

423 3401 696 3465 bantur:
772 3422 894 3484 „ex
940 3424 1065 3488 quo
1111 3408 1490 3467 eventurum
1535 3404 1734 3468 nostri
1779 3409 2010 3489 putant
2062 3403 2327 3487 (Balbus
2373 3404 2622 3467 Stoicus
2666 3404 2867 3490 loqui·

422 3522 552 3595 tur)
598 3518 695 3601 id,
745 3518 822 3583 de
869 3541 993 3605 quo
1038 3520 1422 3585 Panaetium
1467 3521 1844 3585 addubitare
1896 3520 2232 3603 dicebant,
2278 3526 2350 3583 ut
2395 3520 2477 3585 ad
2506 3526 2867 3584 extremum

488 3852 527 3916 ι)
599 3853 674 3903 cf.
709 3854 773 3903 ad
803 3870 878 3905 vs.
918 3858 1042 3914 116,
1083 3858 1202 3917 119,
1241 3859 1348 3905 156.

485 3947 522 4005 ²)
593 3948 693 4005 Qui
738 3948 982 3999 Munrous
1026 3950 1266 4001 affirmare
1307 3951 1494 4014 possit,
1545 3952 1664 4014 „the
1697 3952 1846 4003 stoics
1878 3954 1938 4015 os
1964 3969 2122 4002 course
2153 3951 2482 4015 maintaining
2513 3950 2579 4001 its
2612 3950 2863 4001 immorta-

415 4042 550 4109 lity”
588 4060 688 4094 non
720 4043 971 4109 intellego.

484 4139 525 4200 ³)
595 4140 659 4189 D.
695 4140 755 4192 L.
791 4140 903 4201 IX,
942 4144 988 4190 8.

485 4234 524 4301 ⁴)
593 4234 776 4285 Euseb.
810 4252 884 4299 pr.
919 4252 996 4287 ev.
1031 4236 1132 4288 XV
1154 4273 1167 4298 ‚
1204 4241 1296 4302 18,
1334 4242 1378 4288 1.

484 4330 521 4389 ⁵)
589 4330 736 4396 Diog.
773 4332 832 4382 L.
869 4331 1008 4393 VII,
1047 4336 1106 4393 1,
1148 4336 1259 4384 141.

485 4425 523 4483 ⁶)
591 4426 693 4476 eie.
728 4427 879 4477 Acad.
917 4427 975 4477 ΙΙ
1001 4464 1016 4489 ,
1051 4433 1148 4489 41,
1186 4432 1293 4478 126.

484 4519 526 4583 ⁷)
593 4521 726 4572 Plut.
761 4538 802 4569 c.
839 4528 941 4571 not.
977 4526 1073 4583 31,
1112 4528 1187 4574 10.

484 4616 525 4679 ⁸)
599 4616 662 4664 D.
697 4616 756 4665 L.
792 4616 932 4679 VII,
972 4622 1078 4667 141.

485 4710 528 4773 ⁹)
595 4710 755 4761 Zeller
787 4712 906 4773 111,
947 4717 968 4760 1
991 4750 1004 4773 ‚
1040 4730 1152 4781 pag.
1193 4719 1286 4763 143
1319 4720 1422 4767 not.
