3529 5359
1741 381 1867 444 188

585 583 798 650 Munr.
868 605 1015 670 pag.
1087 587 1251 650 302:
1327 584 1504 668 „The
1573 589 1702 649 two
1772 585 1909 650 first
1972 583 2175 650 books
2250 603 2488 671 appear
2530 589 2597 646 to
2640 583 2721 647 be
2765 581 3037 648 finished

586 730 712 795 and
759 736 824 795 to
869 730 1036 796 have
1082 731 1384 797 received
1429 732 1656 797 almost
1700 731 1813 796 the
1857 732 1981 796 last
2028 730 2294 796 touches
2337 731 2408 796 of
2443 730 2554 795 the
2600 729 2829 795 author
2876 729 3035 795 with

587 878 699 944 the
746 880 1087 966 exception
1134 879 1411 966 perhaps
1457 879 1528 944 of
1564 879 1810 944 certain
1856 879 2142 966 portions
2186 879 2258 944 of
2293 878 2403 944 the
2450 877 2746 945 second.”

1746 1133 1877 1205 III.

674 1309 862 1375 Lucr.
910 1302 981 1374 H
1023 1331 1115 1374 vs.
1165 1312 1284 1374 601
1336 1331 1451 1396 pro
1497 1309 1745 1375 sedibus
1791 1311 1861 1374 in
1905 1331 2103 1376 curru
2145 1311 2293 1395 lege
2338 1311 2653 1374 sistentem
2696 1311 2766 1374 in
2797 1329 2993 1374 curru
3016 1357 3033 1391 ,

441 1493 445 1498 ·
586 1463 660 1562 ut
702 1478 794 1522 vs.
844 1459 964 1522 601
1015 1458 1390 1544 insequatur
1435 1478 1695 1523 versum
1743 1459 1889 1522 600.

1748 1695 1874 1767 IV.

675 1872 864 1938 Lucr.
935 1873 1006 1938 II
1066 1895 1158 1938 vs.
1221 1874 1538 1938 730—56.
1631 1873 1956 1938 Versuum
2017 1872 2188 1937 hunc
2234 1873 2477 1938 conicio
2524 1871 2808 1936 ordinem
2854 1891 3031 1936 esse:

515 2113 534 2138 x
590 2022 936 2104 730-38,
987 2022 1314 2105 749-56,
1366 2022 1683 2087 739-47.
1774 2019 2021 2085 Versus
2070 2021 2193 2084 748
2241 2018 2550 2084 delendus
2594 2022 2709 2082 est.

1768 2261 1859 2331 V.

676 2389 866 2455 Lucr.
915 2390 1020 2455 III
1064 2412 1155 2456 vs.
1206 2357 1547 2456 6154-23:

675 2539 833 2605 Post
897 2561 1153 2604 versum
1220 2543 1343 2604 617
1413 2561 1635 2604 versus
1680 2562 1847 2604 unus
1895 2539 2170 2623 excidit,
2217 2545 2355 2603 tum
2399 2537 2827 2624 sequebantur
2872 2535 3031 2618 620,

589 2691 709 2773 21,
757 2688 988 2754 deinde
1036 2691 1205 2773 618,
1255 2691 1379 2773 19,
1427 2691 1553 2772 22,
1600 2691 1705 2753 23.

1749 2928 1879 3001 VI.

677 3106 876 3172 Nulla
939 3111 1038 3171 est
1090 3126 1282 3171 causa
1326 3125 1438 3169 cur
1482 3104 1777 3169 Marthae
1825 3103 1907 3185 (le
1951 3102 2192 3167 Poeme
2239 3103 2317 3167 de
2362 3100 2645 3167 Lucrece
2690 3120 2837 3186 pag.
2884 3098 3032 3182 208)

587 3254 1012 3323 assentiamur
1057 3252 1366 3317 statuenti
1411 3251 1490 3316 de
1537 3251 1726 3316 Lucr.
1775 3250 1917 3315 IV:
1968 3252 2127 3315 1141
2181 3272 2395 3337 seqq.:
2448 3249 2613 3332 „Les
2656 3254 2821 3313 mots
2850 3268 3032 3331 grecs

588 3403 698 3491 qui
745 3400 1074 3468 emaillent
1117 3400 1180 3465 le
1227 3405 1410 3464 texte
1455 3398 1616 3463 latin
1661 3436 1743 3445 --
1794 3436 1875 3445 --
1930 3404 2215 3484 peuvent
2261 3397 2395 3462 etre
2439 3394 2741 3482 regardes
2786 3414 3029 3460 comme

589 3550 700 3615 des
744 3549 1025 3634 vestiges
1070 3569 1154 3612 ou
1199 3546 1312 3611 des
1362 3545 1574 3611 debris
1621 3546 1699 3610 de
1744 3545 2020 3632 quelque
2064 3550 2290 3632 poeme
2336 3546 2597 3631 attique'.

1161 3796 1166 3803 '
1714 3784 1884 3857 VII.

675 3889 866 3954 Lucr.
913 3888 1014 3953 VI
1058 3910 1150 3953 vs,
1200 3890 1366 3971 697,
1415 3888 1540 3951 98:

1543 4032 1700 4116 „hac
1744 4033 1840 4098 ire
1884 4032 2274 4097 fatendumst

805 4190 871 4249 et
915 4190 1252 4271 penetrare
1297 4184 1459 4249 mari
1503 4184 1761 4270 penitus
1806 4202 1908 4245 res
1953 4180 2125 4265 cogit
2170 4179 2435 4265 apert0'’

669 4332 925 4418 legatur
950 4353 965 4396 ε

1547 4446 1704 4529 „hac
1749 4446 1843 4511 ire
1887 4444 2276 4510 fatendumst

804 4600 871 4661 et
913 4599 1252 4681 penetrare
1294 4592 1458 4657 mari
1501 4593 1669 4657 venti
1719 4593 1849 4657 vim
1894 4592 2199 4657 concitam
2242 4594 2463 4677 aperto

802 4746 996 4829 atque
1039 4739 1255 4805 efflare
1299 4738 1466 4804 foras
1492 4788 1510 4823 ,
1555 4742 1704 4804 cett.
