3529 5359
1616 403 1731 464 131

448 608 717 688 uterque
774 603 842 666 in
909 603 1117 689 capite
1146 653 1162 686 ,
1232 602 1342 667 ubi
1406 605 1544 688 πἐρὶ
1593 606 1849 688 τροπῶν
1896 603 2083 679 ἡλίου
2130 583 2361 687 agitur.
2450 604 2678 690 Itaque
2726 605 2897 691 apud

448 718 922 784 Anaximenem
995 741 1246 807 quoque
1315 725 1546 806 τροπαί
1621 720 1823 783 stellis
1892 721 2301 786 tribuuntur:
2371 721 2686 807 Epicurus
2756 723 2895 786 eius

451 836 800 900 doctrinam
864 837 1144 900 referens
1205 837 1470 901 fortasse
1531 836 1702 900 idem
1747 837 1899 900 fecit
1946 844 2011 901 et
2057 837 2399 902 Lucretius
2446 860 2593 903 eum
2640 845 2895 904 secutus

450 961 546 1018 est
583 958 640 1038 ¹).
760 956 1094 1020 Paucitate
1169 961 1234 1019 et
1316 955 1630 1018 brevitate
1705 954 2207 1038 fragmentorum
2283 956 2667 1041 impedimur
2742 978 2894 1042 quo-

449 1073 656 1136 minus
716 1071 1034 1157 Epicurea
1077 1095 1221 1137 cum
1267 1079 1496 1158 poetae
1542 1072 1754 1137 verbis
1802 1093 2282 1157 componamUS,
2330 1073 2443 1136 sed
2488 1080 2701 1137 tamen
2748 1095 2893 1138 eum

451 1189 654 1253 simile
715 1190 865 1275 quid
913 1189 1200 1254 docuisse
1248 1197 1312 1254 et
1358 1191 1731 1255 Lucretium
1779 1211 1863 1253 ex
1910 1190 2047 1253 eius
2094 1189 2343 1275 scriptis
2389 1190 2675 1254 hausisse
2720 1191 2893 1255 vide-

447 1304 545 1368 bis
590 1325 673 1368 ex
716 1306 796 1369 D.
844 1307 918 1370 L.
967 1306 1050 1369 X.
1101 1309 1222 1370 93:
1291 1308 1535 1392 τροπὰς
1581 1305 1769 1382 ἡλίου
1817 1311 1913 1371 καὶ
1964 1305 2239 1381 σελήνης
2287 1303 2593 1392 ἐνδέχεται
2636 1311 2749 1389 μὲν
2794 1312 2893 1391 γῖ·

450 1427 660 1488 veo-&ac
709 1425 860 1488 κατὰ
905 1422 1189 1497 λόξωσιν
1237 1425 1552 1506 οὐρανοῦ,
1601 1423 1764 1488 οὕτω
1811 1433 1949 1498 τοῖς
1980 1425 2247 1510 χρόνοις
2284 1427 2891 1509 κατηναγκασμένου.

454 1542 626 1605 Κατὰ
674 1539 955 1614 λόξωσιν
980 1542 1258 1620 οὐρανοῦ
1284 1540 1454 1604 idem
1480 1546 1575 1603 est
1601 1547 1791 1626 atque
1822 1542 1971 1606 κατὰ
1999 1543 2114 1616 τὴν
2140 1539 2423 1614 λόξωσιν
2449 1549 2563 1606 τοῦ
2590 1539 2897 1616 ζωδιακοῦ

451 1657 702 1722 κύκλου.
758 1658 1113 1743 Praecipua
1159 1679 1388 1740 causa,
1445 1679 1636 1744 quam
1682 1657 2024 1720 Lucretius
2069 1657 2137 1720 in
2183 1657 2712 1742 praecedentibus
2756 1681 2895 1723 ver-

451 1775 622 1838 sibus
665 1776 1134 1860 praetermisit,
1205 1782 1276 1839 ut
1323 1777 1452 1839 iam
1499 1775 1809 1856 vidimUS,
1872 1775 1951 1838 ab
1998 1775 2277 1860 Epicuro
2324 1775 2427 1840 hic
2474 1783 2894 1859 memoratur3

451 1892 844 1956 desideratur
912 1898 1126 1956 tamen
1195 1893 1444 1977 reliqua
1511 1913 1660 1976 pars
1707 1891 2196 1976 explicationis:
2266 1891 2522 1955 videtur
2567 1900 2899 1977 praeterea

452 2011 742 2095 opinatus
811 2032 948 2075 esse
1015 2011 1330 2097 Epicurus
1401 2013 1648 2075 caelum
1716 2017 2035 2075 vetustate
2096 2012 2200 2074 vel
2264 2012 2455 2074 simili
2501 2034 2691 2077 causa
2738 2021 2897 2094 (τοῖς

452 2157 558 2215 χρ.
605 2132 834 2211 κατην.)
883 2149 1024 2192 eam
1072 2129 1392 2214 obliquam
1437 2129 1787 2214 posituram
1835 2135 2090 2192 nactum
2137 2149 2291 2192 esse.
2361 2129 2611 2192 Deinde
2662 2135 2897 2220 ὁμοίως

450 2243 512 2310 δὲ
581 2251 673 2310 καὶ
741 2247 867 2310 κατ’
927 2247 1114 2331 ἀέρος
1173 2245 1516 2320 ἀντέξωσιν
1578 2245 1885 2330 explicari
1932 2251 2141 2330 potest
2185 2245 2345 2308 illud
2390 2245 2894 2330 phaenomenon.

448 2363 722 2427 Difficile
791 2369 887 2427 est
949 2365 1304 2427 discernere
1372 2386 1525 2427 num
1585 2385 1693 2426 aer
1754 2364 1871 2427 soli
1933 2363 2194 2426 obsistat
2261 2364 2349 2427 sic
2395 2370 2465 2426 ut
2511 2365 2659 2426 solis
2705 2385 2895 2449 quam

450 2481 774 2545 stellarum
820 2480 1160 2544 tardiorem
1208 2486 1450 2543 motum
1497 2480 1719 2562 faciat,
1769 2502 1850 2544 an
1896 2502 2047 2544 vero
2094 2481 2226 2562 ita,
2273 2487 2344 2543 ut
2390 2480 2696 2565 impediat
2744 2502 2895 2567 quo-

449 2599 659 2660 minus
705 2597 798 2661 sol
849 2598 1092 2660 flexum
1137 2597 1491 2661 brumalem
1537 2603 1601 2660 et
1631 2604 1869 2660 metam
1903 2598 2299 2661 solstitialem
2346 2598 2894 2683 transgrediatur:

448 2722 673 2805 neutra
720 2722 933 2779 tamen
979 2716 1323 2801 explicatio
1369 2737 1514 2779 cum
1559 2716 1844 2779 Lucretii
1894 2716 2172 2780 secunda
2219 2717 2529 2800 congruit.
2600 2717 2894 2803 Denique

453 2832 611 2896 duae
671 2834 988 2915 rationeS‚
1051 2855 1206 2918 quas
1274 2839 1606 2918 praeterea
1667 2834 1986 2919 Epicurus
2048 2834 2319 2919 probat,
2398 2834 2565 2919 apud
2639 2842 2893 2919 poetam

451 2972 576 3014 non
621 2951 1050 3015 inveniuntur.

539 3068 702 3133 Solis
767 3076 939 3133 ortus
1006 3075 1071 3132 et
1131 3091 1387 3134 occasus
1449 3070 1673 3133 itidem
1730 3070 2019 3154 pluribus
2065 3069 2269 3132 modis
2314 3069 2450 3133 fieri
2501 3075 2767 3153 possunt
2799 3070 2893 3152 ²):

453 3205 706 3251 occasus
773 3192 884 3249 aut
948 3186 1096 3272 quia
1160 3187 1350 3270 longo
1421 3209 1608 3250 cursu
1676 3186 2017 3270 languidus
2081 3188 2173 3250 sol
2241 3186 2484 3250 lumina
2530 3208 2642 3250 sua
2688 3186 2899 3249 extin-

453 3304 589 3387 guit
612 3299 658 3381 ³)
687 3353 703 3386 ,
757 3310 902 3385 „aut
939 3304 1087 3390 quia
1132 3304 1248 3367 sub
1295 3311 1496 3367 terras
1541 3326 1797 3368 cursum
1844 3310 2214 3368 convortere
2262 3304 2433 3387 cogit
2479 3304 2576 3367 vis
2624 3303 2849 3367 eadem
2878 3353 2894 3386 ,

393 3480 398 3485 .
453 3440 642 3504 supra
687 3440 848 3506 quae
895 3426 1094 3484 terras
1139 3420 1402 3504 pertulit
1448 3420 1706 3483 orbem'’
1758 3422 2081 3503 (654,55);
2146 3440 2372 3483 aurora
2417 3440 2567 3483 vero
2606 3425 2716 3483 aut
2751 3419 2901 3504 quia

455 3538 566 3601 sub
591 3544 790 3601 terras
812 3545 1138 3602 revertens
1160 3560 1376 3601 rursus
1407 3537 1578 3601 idem
1613 3538 1703 3601 sol
1731 3539 1977 3601 caelum
2011 3536 2338 3618 accendit,
2394 3542 2541 3618 „aut
2573 3536 2722 3621 quia
2754 3556 2902 3599 con-

454 3656 720 3719 veniunt
762 3655 945 3739 ignes
985 3661 1049 3719 et
1086 3656 1328 3719 semina
1366 3656 1569 3718 multa
1594 3656 1911 3719 confluere
1937 3654 2177 3718 ardoris
2203 3659 2588 3718 consuerunt
2612 3659 2901 3739 tempore

455 3779 623 3837 certo
649 3822 666 3856 ,
713 3794 875 3859 quae
905 3772 1147 3837 faciunt
1191 3772 1338 3835 solis
1385 3792 1548 3834 nova
1595 3791 1842 3856 semper
1886 3772 2129 3835 lumina
2174 3770 2415 3856 gigni.'’
2498 3770 2685 3845 Quod
2729 3776 2901 3835 certo

525 4080 556 4144 ¹)
627 4080 703 4129 Of.
740 4078 862 4130 Zell.
899 4079 977 4129 die
1010 4077 1143 4127 Phil.
1181 4079 1266 4127 der
1299 4078 1384 4127 Gr.
1424 4081 1447 4127 1
1470 4113 1484 4138 ‚
1522 4080 1614 4127 228
1648 4082 1750 4128 not.
1793 4081 1814 4125 1
1840 4114 1852 4137 ,
1888 4076 1971 4127 cui
2002 4081 2169 4126 tamen
2202 4077 2463 4126 concedere
2486 4092 2586 4126 non
2606 4092 2867 4138 possumus
2886 4112 2899 4137 ,

454 4172 508 4223 in
539 4173 600 4223 iis
632 4173 754 4224 locis
783 4190 883 4224 non
915 4188 1188 4224 sermonem
1223 4188 1330 4221 esse
1365 4174 1423 4221 de
1457 4172 1520 4221 iis
1542 4209 1554 4232 ,
1590 4188 1716 4237 quae
1752 4171 1906 4235 vulgo
1942 4173 2132 4235 τροπαὶ
2165 4176 2405 4220 vocantur
2422 4207 2436 4231 ‚
2470 4170 2835 4234 phaenomenis.

518 4266 562 4332 2)
624 4268 710 4318 Vs.
748 4270 987 4317 650—80.
1980 4296 1991 4309 .

518 4362 556 4423 ³)
621 4362 715 4412 Est
765 4362 988 4412 doctrina
1020 4360 1285 4411 Heracliti:
1341 4360 1484 4410 Plato
1535 4361 1658 4423 Rep.
1694 4360 1801 4421 VI,
1846 4362 1972 4420 498,
2016 4360 2090 4407 A:
2129 4363 2260 4423 πρὸς
2294 4358 2343 4409 δὲ
2377 4363 2434 4410 τὸ
2468 4363 2627 4424 γῆρας
2660 4358 2804 4415 ἐκτὸς
2838 4357 2901 4419 δὴ

455 4477 607 4508 τινων
637 4460 826 4523 ὀλίγων
859 4457 1278 4519 ἀποσβέννυνται
1311 4457 1449 4507 πολὺ
1484 4458 1690 4520 μᾶλλον
1727 4458 1817 4505 τοῦ
1856 4450 2231 4519 Ἡρακλειτείου
2268 4452 2413 4510 ἡλίου
2439 4492 2451 4514 ,
2488 4454 2609 4505 ὅσον
2634 4454 2787 4511 αὖθις
2808 4453 2902 4503 οὐκ

455 4553 780 4609 ἐξάπτονται.
847 4551 990 4600 Alex.
1040 4551 1258 4614 Aphrod.
1311 4551 1373 4599 ad
1423 4552 1572 4600 Arist.
1617 4550 1823 4599 Meteor.
1860 4547 1916 4598 11
1938 4585 1951 4611 ,
2004 4550 2049 4597 2.
2086 4550 2208 4607 355,
2260 4563 2320 4608 a,
2361 4550 2453 4595 12:
2500 4548 2562 4598 οὐ
2596 4548 2786 4610 μόνον,
2834 4548 2902 4605 ὡς

451 4645 776 4711 Ἡράκλειτός
810 4656 928 4712 φησι
946 4682 960 4707 ,
987 4646 1099 4705 νέος
1131 4647 1199 4711 ἐφ’
1238 4644 1395 4711 ἡμέρῃ
1429 4646 1498 4697 ἂν
1531 4646 1596 4706 ἦν
1615 4681 1628 4706 ,
1664 4646 1778 4695 καθ’
1806 4644 2026 4704 ἑκάστην
2049 4642 2241 4707 ἡμέραν
2264 4644 2427 4700 ἄλλος
2452 4642 2739 4707 ἁπτόμενος
2759 4675 2773 4703 ,
2810 4644 2901 4693 τοῦ

456 4745 658 4809 πρώτου
691 4742 748 4794 ὃν
784 4746 849 4809 τῇ
883 4740 1020 4791 δύσει
1055 4740 1420 4807 σβεννυμένου.

2562 4831 2639 4896 9*
