3529 5359
1802 381 1923 443 106

633 586 1096 668 proptereaque
1143 582 1546 648 adlaudabile
1593 604 1751 669 opus
1800 583 2011 647 divom
2056 583 2315 648 laudare
2362 582 2589 647 decere
2620 589 3085 669 aeternumque

632 703 858 782 putare
924 705 1117 785 atque
1184 701 1543 766 immortale
1588 702 1874 765 futurum
1894 751 1910 784 ,
1979 721 2099 765 1100
2153 700 2250 764 fas
2296 721 2434 764 esse
2460 751 2477 784 ,
2549 701 2740 765 deum
2785 702 2955 789 quod
2998 702 3086 765 sit

633 815 879 879 ratione
939 823 1193 882 vetusta
1246 818 1545 901 gentibus
1589 817 1885 882 humanis
1930 817 2267 882 fundatum
2316 825 2627 904 perpetuo
2672 839 2865 902 aevo,
2912 819 3084 884 solli-

631 931 827 996 citare
896 933 1026 997 suis
1091 935 1224 998 ulla
1266 935 1330 999 vi
1377 955 1462 998 ex
1507 934 1762 999 sedibus
1809 957 2139 1022 umquam,
2184 956 2303 999 nec
2348 936 2561 1000 verbis
2605 957 2843 1001 vexare
2889 942 2955 1001 et
2996 936 3083 1000 ab

631 1048 758 1112 imo
805 1056 1094 1114 evertere
1141 1071 1428 1135 summa,
1499 1058 1712 1117 cetera
1758 1051 1837 1115 de
1886 1072 2120 1136 genere
2166 1050 2285 1117 hoc
2330 1051 2655 1136 adfingere
2702 1059 2766 1117 et
2810 1053 3045 1118 addere
3064 1103 3082 1136 ,

630 1165 934 1250 Memmi,
1006 1167 1416 1254 desiperest”.
1508 1169 1677 1243 Quid
1737 1169 1909 1233 enim
1959 1168 2109 1233 deos
2154 1170 2457 1233 movisset
2502 1176 2574 1233 ut
2616 1169 2925 1234 mundum
2968 1169 3083 1234 ho-

629 1283 958 1371 minesque
1028 1292 1367 1350 crearent?
1458 1286 1708 1362 Quidve
1778 1288 1930 1351 mali
1997 1287 2182 1350 nobis
2244 1287 2509 1365 fuisset,
2583 1287 2635 1350 si
2695 1309 2822 1351 non
2882 1287 3084 1352 creati

629 1421 910 1466 essemus
932 1403 964 1466 ?
989 1401 1025 1486 ¹)
1113 1403 1304 1469 Unde
1371 1404 1459 1468 dii
1522 1404 1892 1490 petiverunt
1944 1405 2292 1489 imaginem
2338 1404 2670 1469 hominum
2742 1405 2876 1469 sive
2923 1407 3082 1491 πρό-

630 1517 853 1602 ληψιν,
903 1540 1094 1606 (1113111
1139 1522 1342 1585 8001111
1389 1542 1497 1585 008
1543 1524 1890 1587 crearent?
1978 1523 2227 1586 Natura
2274 1523 2413 1608 ipsa
2457 1523 2913 1608 principiorum
2957 1522 3084 1586 for-

631 1635 794 1700 tuito
867 1657 1209 1722 congressu
1276 1639 1549 1725 quodam
1615 1639 1767 1703 fecit
1834 1639 2142 1703 mundum
2212 1660 2559 1726 omnesque
2625 1641 2693 1703 111
2761 1661 2836 1704 eo
2882 1660 2982 1705 res
3004 1645 3081 1718 2).

631 1753 900 1818 Etiamsi
947 1754 1297 1821 doctrinam
1344 1756 1421 1821 de
1467 1758 1695 1822 atomis
1738 1778 1868 1821 11011
1913 1778 2167 1822 nossem
2187 1807 2203 1840 ,
2237 1763 2455 1822 tamen
2493 1764 2708 1840 „tanto
2742 1763 2868 1823 stat
2897 1778 3083 1843 prae-

631 1870 764 1935 dita
830 1873 1018 1959 culpa
1075 1894 1287 1937 rerum
1332 1874 1601 1940 natura²⁹
1626 1873 1713 1958 ³),
1781 1882 1854 1939 ut
1904 1895 2028 1957 „ex
2070 1875 2225 1960 ipsis
2271 1874 2431 1939 caeli
2474 1874 2827 1938 rationibus
2873 1873 3081 1938 ausim

631 1990 1003 2056 confirmare
1061 1992 1329 2079 aliisque
1398 2014 1483 2057 ex
1547 1993 1739 2058 rebus
1784 1992 2051 2057 reddere
2097 1992 2361 2075 multis,
2429 2012 2830 2078 nequaquam
2896 1991 3081 2055 nobis

635 2108 940 2173 divinitus
1007 2131 1145 2176 0880
1207 2113 1559 2198 paratam”.
1660 2111 1832 2176 Vide
1879 2132 2071 2197 quam
2114 2131 2377 2196 parvam
2422 2115 2631 2174 terrae
2674 2116 2921 2195 partem
2966 2106 3081 2172 ho-

632 2225 837 2289 mines
897 2228 1200 2292 excolere
1269 2228 1554 2314 possint,
1623 2229 1817 2292 etiam
1863 2227 2315 2291 strenuissimis
2365 2226 2688 2291 laboribus
2732 2224 3077 2290 adhibitis:

631 2348 697 2406 et
741 2365 930 2430 saepe
977 2345 1222 2428 omnia,
1270 2367 1432 2432 quae
1480 2346 1947 2410 elaboravimus
2004 2367 2194 2431 quam
2241 2345 2448 2410 subito
2480 2345 2841 2408 intereant:
2896 2363 3079 2428 prae-

630 2465 810 2524 terea
853 2461 1287 2526 animadverte
1335 2484 1553 2527 omnes
1585 2462 1832 2526 dolores
1864 2461 2201 2547 omniaque
2232 2462 2547 2547 pericula,
2596 2482 2758 2547 quae
2788 2458 3079 2524 homines

630 2584 910 2661 vexant,
966 2584 1272 2661 „mortem
1301 2580 1772 2662 immaturam”,
1806 2600 1968 2666 quae
2002 2600 2191 2665 saepe
2226 2579 2492 2643 iuvenes
2522 2578 2826 2662 corripit,
2871 2577 3079 2640 infans

631 2718 820 2783 quam
880 2698 1077 2762 miser
1115 2700 1236 2781 sit,
1287 2699 1396 2785 qui
1445 2699 1706 2783 „vagitu
1751 2699 1962 2763 locum
2009 2697 2266 2782 lugubri
2311 2697 2622 2783 complet,
2676 2701 2749 2760 ut
2793 2699 3081 2761 aecumst

630 2812 735 2876 cui
814 2819 1064 2877 tantum
1129 2815 1197 2878 111
1261 2816 1396 2880 vita
1463 2820 1662 2879 restet
1727 2816 1997 2879 transire
2067 2816 2446 2898 malorum’',
2538 2836 2684 2879 cum
2757 2814 3078 2900 pecudum

630 2930 826 2993 catuli
870 2930 1162 2996 fortiores
1202 2932 1638 3019 felicioresque
1685 2933 1815 2997 sint
1836 2932 1881 3016 4)
1901 2983 1917 3016 ,
1963 2933 2122 2997 11300
2168 2933 2384 2997 omnia
2437 2932 2491 2995 si
2519 2933 2918 3019 reputaveris
2945 2953 3077 2996 non

628 3047 902 3133 amplius
968 3047 1172 3132 (11008,
1235 3050 1499 3135 opinor,
1569 3049 1720 3114 deos
1787 3048 1958 3114 hunc
2020 3050 2328 3114 mundum
2373 3070 2637 3115 creasse.
2685 3088 2767 3095 —
2814 3049 3079 3115 Summa

627 3164 1016 3251 immanique
1085 3167 1346 3231 tristitia
1413 3172 1740 3253 correptus
1797 3167 1914 3231 hos
1957 3188 2179 3232 versus
2224 3174 2415 3254 poeta
2460 3167 2744 3253 scripsit,
2791 3166 2899 3253 qui
2944 3186 3077 3230 om-

626 3282 780 3346 nino
827 3288 962 3346 tum
1010 3289 1107 3347 est
1153 3284 1722 3371 eloquentissimus,
1770 3305 1915 3349 cum
1962 3285 2039 3349 de
2084 3285 2252 3349 tristi
2294 3284 2625 3349 hominum
2670 3290 2838 3348 sorte
2884 3288 2952 3347 et
2994 3283 3075 3347 de

628 3398 956 3484 religionis
1022 3402 1249 3465 timore
1317 3402 1698 3489 expellendo
1768 3403 1957 3467 031111.
2050 3402 2178 3467 Sed
2247 3424 2403 3489 quos
2468 3401 2862 3465 adversarios
2922 3407 3073 3465 ante

629 3518 843 3582 oculos
909 3525 1100 3605 poeta
1166 3520 1390 3585 habuit
1457 3541 1602 3584 cum
1659 3520 1819 3585 haec
1889 3521 2187 3607 scripsit?
2276 3518 2384 3585 Ad
2428 3519 2591 3585 hanc
2637 3520 3074 3607 quaestionem

627 3636 998 3701 solvendam
1066 3639 1342 3723 primum
1408 3637 1991 3704 animadvertamus
2059 3659 2277 3703 omnes
2346 3637 2462 3702 has
2521 3638 2938 3703 refutationes
2992 3637 3075 3701 ad

627 3755 816 3819 unius
860 3754 1224 3841 philosophi
1271 3755 1624 3829 doctrinam
1667 3757 1991 3842 pertinere
2018 3806 2034 3839 ,
2082 3755 2400 3819 censentis
2445 3777 2480 3819 e
2525 3756 2808 3841 perfecta
2849 3756 3075 3819 mundi

626 3871 830 3938 forma
873 3880 938 3937 et
990 3874 1188 3955 „caeli
1233 3874 1626 3939 rationibus”
1671 3875 1852 3960 sequi
1900 3873 2049 3938 deos
2094 3874 2462 3937 universum
2507 3872 2837 3937 hominum
2882 3895 3076 3939 causa

627 4010 909 4073 creasse,
955 3992 1167 4075 ipsum
1214 3990 1476 4055 deorum
1521 3990 1702 4055 sedes
1747 3991 2113 4074 continere,
2162 3991 2316 4077 quin
2362 3992 2555 4055 etiam
2600 3990 2812 4055 divino
2859 3991 3074 4055 animo

623 4108 935 4173 mundum
981 4130 1119 4173 esse
1180 4109 1583 4195 praeditum,
1653 4115 1844 4195 atque
1888 4107 2055 4173 hanc
2101 4110 2180 4173 ob
2227 4130 2363 4173 rem
2407 4110 2475 4172 in
2520 4115 2851 4173 aeternum
2894 4130 3076 4173 man-

689 4433 727 4494 ¹)
793 4431 882 4484 VS.
922 4434 1193 4481 156—165.

690 4528 727 4585 2)
794 4526 882 4578 Vs.
924 4529 1189 4576 166—195.

687 4624 728 4686 3)
795 4622 882 4674 Vs.
924 4624 1014 4672 199
1047 4638 1182 4687 seqq.

686 4718 728 4785 4)
797 4716 882 4767 vs.
922 4718 1189 4766 195-235.
