3529 5359
1786 312 1868 374 88

603 512 724 576 hoc
782 511 1166 599 principium
1227 512 1310 576 ad
1366 517 1567 577 totam
1636 512 1989 578 doctrinam
2032 513 2335 578 adhibere
2382 514 2591 578 conati
2636 513 2781 579 sint.
2872 515 3039 590 Quo-

602 631 774 694 niam
831 636 1046 694 autem
1104 651 1356 694 omnem
1400 631 1736 694 veritatem
1780 631 1847 693 in
1892 650 2191 695 sensuum
2236 632 2614 696 auctoritate
2662 633 2849 697 sitam
2898 653 3039 696 esse

603 747 1024 834 opinabantur
1046 796 1063 831 ,
1111 768 1425 811 summum
1472 725 1750 810 studium
1796 767 1871 811 eo
1917 750 2357 832 contulerunt,
2406 755 2477 814 ut
2510 749 2822 837 quomodo
2850 750 3039 814 homo

603 866 889 930 sensibus
931 865 1260 951 percipere
1303 865 1638 929 veritatem
1667 871 1734 928 et
1764 885 2143 950 cognoscere
2175 871 2389 951 posset
2420 867 2850 953 explicarent,
2897 889 3041 931 cum

603 1003 822 1046 omnes
864 981 1393 1047 Academicorum
1437 982 1829 1068 aliorumque
1874 982 2396 1069 philosophorum
2438 984 2507 1048 in
2549 983 2878 1048 dialectica
2908 991 3041 1049 arte

601 1099 1022 1182 subtilitates,
1070 1120 1226 1186 quas
1269 1119 1476 1164 meras
1519 1120 1720 1185 nugas
1764 1099 2127 1182 habebant,
2177 1107 2672 1165 contemnerent.

689 1217 874 1292 Quod
957 1237 1145 1302 saepe
1201 1217 1269 1280 in
1335 1237 1561 1300 graves
1626 1217 1987 1281 inciderunt
2055 1237 2298 1282 errores
2365 1218 2627 1283 minime
2690 1219 3037 1284 miramur:

611 1341 866 1417 contra,
911 1335 1143 1398 mirum
1185 1334 1406 1398 fuisset
1452 1334 1505 1397 si
1551 1355 1626 1398 eo
1673 1340 1959 1420 tempore
2006 1335 2133 1398 iam
2180 1337 2391 1399 omnia
2433 1336 2917 1423 phaenomena,
2966 1337 3043 1402 de

604 1453 831 1539 quibus
889 1452 1447 1536 investigationem
1512 1452 1959 1535 instituerunt,
2027 1459 2200 1517 recte
2270 1451 2716 1539 explicassent.
2810 1455 2870 1519 N
2882 1476 3043 1542 eque

604 1570 743 1657 ipsa
808 1570 1092 1634 doctrina
1135 1574 1313 1634 tanta
1356 1569 1543 1634 laude
1589 1575 1686 1633 est
1740 1569 1967 1653 digna,
2014 1569 2127 1633 sed
2171 1571 2384 1656 potius
2428 1570 2549 1637 hoc
2594 1573 2763 1658 quod
2809 1573 3043 1659 ubique

602 1691 868 1750 naturae
938 1686 1376 1772 phaenomena
1437 1686 1775 1770 diligenter
1834 1687 2254 1751 observabant
2324 1709 2525 1775 eaque
2588 1710 2673 1753 ex
2721 1689 3043 1754 doctrinae

604 1803 933 1890 principiis
990 1803 1311 1889 explicare
1377 1803 1586 1868 conati
1631 1809 1798 1866 sunt.
1888 1803 2238 1868 Maximam
2284 1809 2499 1868 autem
2545 1826 2805 1892 operam
2858 1806 3044 1870 dede—

607 1927 785 2004 runt,
831 1927 904 1984 ut
947 1921 1153 1985 visum
1199 1921 1611 2007 explicarent.
1667 1920 1908 1984 Eorum
1930 1969 1949 2000 ‚
1995 1922 2104 2007 qui
2151 1921 2359 1985 lucem
2405 1943 2489 1986 ex
2532 1921 2810 1987 hominis
2852 1925 3049 1988 oculis

619 2036 857 2102 effundi
916 2038 983 2102 in
1042 2059 1144 2102 res
1205 2038 1624 2124 opinabantur
1655 2037 1733 2121 ¹),
1796 2043 2159 2123 contempta
2205 2039 2490 2104 doctrina
2510 2089 2527 2122 ,
2587 2041 2855 2106 aliorum
2900 2063 3049 2128 qua-

616 2162 761 2220 tuor
815 2176 1113 2220 sensuum
1158 2155 1358 2220 secuti
1404 2155 1772 2240 exemplum
1797 2153 1877 2238 2),
1948 2157 2343 2221 extrinsecus
2386 2179 2501 2222 nos
2546 2159 2835 2244 accipere
2881 2159 3051 2246 quod

612 2272 788 2336 visus
835 2292 1090 2336 sensum
1133 2277 1427 2354 moveat,
1477 2269 1808 2335 docebant.

699 2397 811 2456 Δεῖ
857 2387 919 2456 δὲ
966 2395 1062 2456 καὶ
1112 2389 1387 2472 νομίζειν
1413 2439 1433 2468 ,
1477 2389 1568 2454 ait
1612 2388 1930 2475 Epicurus
1956 2393 2001 2466 ³)
2028 2438 2045 2472 ,
2102 2391 2484 2465 ἐπεισιόντος
2528 2393 2703 2466 τινὸς
2749 2391 2876 2457 ἀπὸ
2922 2395 3052 2456 τῶν

606 2504 843 2582 ’ἔξω-θεν
867 2555 886 2588 ,
953 2506 1066 2586 τὰς
1130 2504 1379 2591 μορφὰς
1433 2510 1592 2592 ὁρᾶν
1639 2509 1803 2588 ἡμᾶς
1848 2511 1942 2572 καὶ
1991 2504 2413 2573 ὃιανοεῖσὲαιτ
2486 2505 2607 2571 1100
2652 2512 2867 2572 autem
2913 2502 3052 2572 fieri

612 2646 740 2690 non
770 2629 979 2711 potest
1008 2624 1131 2689 nisi
1161 2624 1542 2709 imaginibus
1572 2624 1983 2711 quibusdam,
2030 2644 2194 2711 quae
2228 2623 2482 2688 easdem
2512 2623 2791 2689 habeant
2818 2625 3053 2689 formas

614 2743 996 2829 eosdemque
1065 2742 1304 2806 colores
1370 2749 1560 2830 atque
1626 2764 1728 2807 res
1782 2743 1951 2807 unde
1997 2742 2357 2807 demanant.
2451 2743 2613 2807 Cum
2656 2744 2723 2807 in
2770 2743 3053 2807 tenebris

610 2882 748 2926 rem
794 2860 1109 2947 quandam
1153 2861 1474 2944 tangimus
1497 2909 1514 2943 ‚
1562 2860 1714 2925 dicit
1756 2867 1948 2946 poeta
1986 2860 2303 2945 interpres
2328 2909 2345 2943 ‚
2415 2860 2850 2944 cognoscimus
2898 2882 3051 2925 ean-

617 2979 764 3044 dem
809 2999 951 3043 eam
993 2977 1229 3042 habere
1275 2978 1575 3061 formam,
1635 2999 1798 3064 quae
1843 2977 2096 3042 videtur
2137 2978 2206 3041 in
2249 2977 2428 3042 luce:
2499 2977 2811 3042 consimili
2855 2978 3057 3063 igitur

617 3118 808 3163 causa
850 3100 1058 3161 tactus
1103 3100 1293 3182 atque
1337 3094 1511 3158 visus
1556 3093 1935 3159 afficiuntur.

702 3212 850 3277 Non
915 3232 1247 3297 possumus
1306 3232 1457 3295 ergo
1523 3210 1647 3274 nisi
1713 3210 2067 3275 simulacris
2126 3231 2164 3273 a
2229 3209 2420 3274 rebus
2471 3209 2771 3295 profectis
2816 3209 3057 3274 videre.

619 3330 831 3405 Quum
861 3334 1077 3393 autem
1105 3329 1302 3393 oculis
1329 3328 1653 3411 videmus,
1699 3328 2012 3411 imagines
2043 3332 2295 3391 tantum
2327 3327 2657 3411 percipere
2688 3347 3019 3413 possumus
3041 3376 3058 3410 ‚

621 3446 674 3511 si
741 3447 956 3511 oculos
1013 3446 1321 3510 vertimus
1387 3444 1468 3509 ad
1511 3466 1589 3509 ea
1632 3466 1928 3530 corpora,
1997 3441 2167 3508 unde
2217 3441 2541 3528 profectae
2586 3450 2734 3507 sunt
2777 3444 3061 3529 undique

619 3562 688 3627 in
749 3583 967 3626 omnes
1011 3566 1242 3647 partes.
1332 3561 1717 3625 Distantiam
1762 3581 1950 3647 porro
1996 3579 2209 3623 rerum
2257 3579 2637 3643 cognoscere
2683 3581 3016 3645 possumus
3043 3608 3060 3642 ‚

621 3681 770 3767 quia
814 3680 963 3745 illae
1006 3680 1347 3763 imagineS,
1393 3702 1433 3743 a
1476 3678 1841 3765 corporibus
1884 3676 2205 3764 profectae
2226 3727 2242 3760 ,
2289 3697 2505 3741 aerem
2531 3725 2548 3759 ‚
2594 3678 2704 3763 qui
2750 3682 2847 3741 est
2892 3678 3062 3741 inter

621 3819 884 3885 corpora
950 3804 1015 3862 et
1075 3798 1288 3862 oculos
1351 3802 1596 3861 nostros
1620 3846 1636 3879 ,
1697 3793 2077 3881 protrudunt
2136 3816 2338 3881 usque
2411 3793 2561 3858 dum
2606 3800 2900 3881 penetret
2942 3815 3061 3879 per

622 3922 868 3981 nostras
899 3916 1099 3980 acies:
1131 3936 1254 4001 quo
1283 3914 1488 4000 magis
1520 3914 1756 3979 distant
1786 3934 2073 3998 corpora,
2105 3933 2180 3976 eo
2217 3912 2503 3996 „longior
2537 3912 2731 3976 aura'’
2762 3911 3064 3998 propulsa

689 4180 727 4244 ι)
799 4178 862 4228 D.
898 4178 956 4229 L.
991 4178 1058 4227 X.
1095 4180 1188 4239 49,
1239 4178 1300 4229 οὐ
1351 4178 1446 4242 γὰρ
1493 4177 1558 4227 ἂν
1606 4176 2101 4243 ἐναποσφραγίσαιτο
2146 4178 2209 4225 τὰ
2242 4175 2334 4230 ἔξω
2368 4178 2465 4235 τήν
2496 4175 2690 4225 ἑαυτῶν
2724 4173 2874 4227 φύσιν
2904 4212 2914 4223 .
2938 4211 2949 4223 .
2975 4211 2987 4223 .
3012 4213 3023 4225 .
3050 4215 3066 4228 .

623 4272 734 4324 οὐδὲ
770 4272 850 4322 διὰ
885 4277 986 4322 τῶν
1019 4271 1240 4321 ἀκτίνων
1273 4271 1305 4332 ἢ
1328 4270 1639 4329 οἱωνδὴποτε
1671 4269 1934 4334 ῥευμάτων
1954 4268 2039 4334 ἀφ’
2067 4269 2211 4332 ἡμῶν
2234 4274 2365 4333 πρὸς
2388 4268 2553 4317 ἐκεῖνα
2581 4267 3001 4332 παραγινομένων
3021 4302 3033 4315 .
3052 4304 3065 4317 .

625 4367 701 4418 Cf.
734 4367 868 4420 Plut.
899 4366 1024 4430 plac.
1062 4366 1137 4417 IV
1155 4402 1169 4426 ,
1206 4369 1289 4425 13,
1325 4367 1412 4430 qui
1442 4364 1606 4414 inuria
1637 4364 1985 4427 Empedoclem
2018 4366 2147 4414 inter
2180 4378 2263 4414 eos
2296 4368 2532 4413 numerat.
2571 4362 2722 4413 Arist.
2763 4363 2823 4411 de
2846 4377 2993 4411 sensu
3016 4368 3071 4413 et

626 4461 848 4512 sensibili
866 4498 879 4523 ‚
915 4477 1019 4523 cap.
1057 4464 1101 4509 2.
1138 4459 1381 4524 Theophr.
1417 4462 1477 4510 de
1513 4460 1672 4511 Sensu
1705 4461 1748 4511 7.

695 4556 736 4621 ²)
807 4555 1092 4607 Macrobius
1129 4556 1227 4607 Sat.
1259 4555 1367 4607 VII
1387 4594 1400 4617 ,
1440 4560 1530 4617 14,
1566 4559 1612 4608 5.
1678 4556 1877 4605 Lucret.
1914 4554 2003 4605 IV.
2042 4556 2150 4606 230.

694 4654 734 4716 ³)
805 4651 868 4701 D.
905 4652 963 4701 L.
1000 4652 1065 4701 X.
1100 4654 1178 4699 49.
