3529 5359
1865 370 1986 435 164

697 573 1004 657 credunt,
1071 573 1279 658 ignari
1341 573 1495 659 quid
1560 578 1754 659 queat
1822 595 1995 656 esse,
2064 574 2219 660 quid
2262 580 2572 660 nequeat,
2634 575 2817 639 finita
2862 579 3137 661 potestas

699 691 972 778 denique
1041 691 1271 778 cuique
1316 713 1591 777 quanam
1637 692 1720 755 sit
1763 669 2011 756 ratione
2058 699 2251 778 atque
2298 693 2427 756 alte
2473 693 2782 757 terminus
2827 691 3137 757 haerens:

695 831 821 896 quo
893 809 1098 893 magis
1171 815 1456 874 errantes
1529 830 1720 873 caeca
1792 811 2037 874 ratione
2111 810 2444 874 feruntur”
2478 811 2541 893 ¹).
2631 811 2961 875 Adversus
3026 809 3138 874 hos

695 927 1164 1013 omnipotentes
1226 927 1418 1010 (1000,
1502 926 1655 1015 quid
1722 929 1897 992 valet
1957 927 2182 992 debilis
2247 928 2471 1012 hom0,
2555 929 2930 1014 praesertim
2998 950 3137 993 011111

701 1044 820 1126 „ob
887 1044 1232 1109 admissum
1297 1044 1480 1108 foede
1553 1045 1875 1109 dictumve
1939 1045 2212 1130 superbe
2258 1067 2609 1130 poenarum
2654 1067 2849 1130 grave
2896 1046 2978 1109 sit
3022 1046 3136 1109 sol-

695 1161 888 1226 vendi
955 1163 1249 1247 tempus”
1282 1161 1333 1244 ²)
1381 1149 1938 1246 exspectandum?
2030 1162 2134 1226 Sic
2178 1163 2415 1248 ubique
2463 1184 2529 1227 se
2575 1184 2614 1226 a
2659 1162 2778 1226 diis
2824 1162 3137 1226 daemoni-

696 1279 972 1366 busque,
1019 1280 1130 1366 qui
1174 1285 1375 1344 totam
1419 1279 1617 1344 vitam
1661 1285 1892 1363 regant
1940 1280 2278 1366 omniaque
2325 1280 2493 1344 facta
2523 1286 2829 1362 noscant,
2879 1281 3137 1344 circum-

697 1396 877 1460 datos
945 1396 1212 1460 credunt
1280 1395 1592 1461 homines,
1689 1397 1949 1483 „Usque
2014 1396 2173 1462 adeo
2234 1418 2336 1460 res
2395 1397 2707 1461 humanas
2768 1397 2865 1460 vis
2928 1396 3137 1460 abdita

695 1512 1010 1599 quaedam
1056 1514 1292 1599 opterit
1317 1563 1333 1596 ,
1397 1520 1463 1578 et
1506 1512 1807 1600 pulchros
1851 1514 2038 1578 fascis
2086 1535 2433 1600 saevasque
2480 1535 2731 1579 secures
2775 1514 3137 1600 proculcare

695 1652 768 1695 ac
813 1631 1089 1695 ludibrio
1137 1631 1257 1694 sibi
1301 1630 1538 1696 habere
1584 1631 1879 1697 videtur”
1905 1631 1977 1715 ³).
2068 1631 2295 1718 Neque
2341 1632 2499 1696 haec
2545 1632 2716 1696 satis.
2780 1632 2851 1696 Si
2892 1637 3138 1696 tantum

695 1767 952 1833 sperare
1021 1767 1239 1832 posses
1309 1754 1372 1812 te
1439 1754 1584 1833 post
1651 1754 1923 1811 mortem
1990 1755 2251 1812 aeterna
2319 1748 2531 1833 quiete
2576 1748 2915 1813 fruiturum
2963 1768 3137 1831 esse,

694 1863 1076 1949 tranquillus
1145 1884 1348 1947 esses,
1419 1885 1563 1927 cum
1633 1885 1885 1949 semper
1951 1863 2069 1927 tibi
2115 1870 2395 1949 potestas
2441 1870 2650 1948 esset,
2710 1871 2981 1929 mortem
3024 1866 3139 1929 tibi

697 1979 1179 2062 consciscendo,
1251 2001 1286 2044 e
1358 1979 1621 2044 deorum
1683 1981 1746 2044 vi
1801 1987 1866 2045 et
1933 1987 2249 2066 potestate
2297 1988 2360 2045 te
2408 1982 2738 2068 eripiendi.
2831 1983 2960 2047 Sed
3002 1989 3141 2069 post

692 2101 965 2160 mortem
1035 2117 1277 2181 poenas
1339 2096 1477 2160 lues
1522 2118 1777 2179 eorum,
1847 2118 2009 2182 quae
2054 2098 2239 2161 vivus
2284 2103 2503 2162 contra
2548 2098 2808 2163 deorum
2853 2100 3139 2164 volunta-

698 2218 830 2277 tem
890 2213 1136 2278 feceris.
1235 2213 1343 2296 „Si
1405 2221 1642 2279 certam
1689 2214 1883 2279 finem
1927 2236 2064 2279 esse
2111 2215 2404 2278 viderent
2448 2220 2897 2280 aerumnarum
2941 2216 3137 2280 homi-

699 2351 857 2412 1100,
927 2330 1141 2417 aliqua
1208 2332 1456 2395 ratione
1520 2332 1809 2395 valerent
1876 2331 2291 2415 religionibus
2358 2339 2549 2419 atque
2601 2334 2792 2397 minis
2836 2333 3138 2398 obsistere

697 2451 959 2510 vatum:
1028 2469 1198 2510 1111110
1257 2447 1421 2510 ratio
1488 2447 1666 2512 nulla
1727 2453 1825 2512 est
1869 2447 2193 2530 restandi,
2254 2449 2431 2513 nulla
2476 2448 2742 2512 facultas
2768 2498 2783 2528 ,
2852 2455 3139 2514 aeternas

697 2562 998 2648 quoniam
1063 2583 1304 2648 poenas
1370 2563 1439 2626 in
1483 2569 1687 2626 morte
1735 2563 2191 2626 timendumst”
2228 2563 2292 2646 4).
2383 2565 2610 2650 Itaque
2654 2565 2880 2648 religio
2925 2565 3138 2629 miser-

696 2679 890 2744 rimos
955 2679 1245 2745 homines
1303 2682 1652 2746 reddebat:
1729 2681 2047 2764 „humana
2112 2688 2259 2746 ante
2332 2684 2545 2747 oculos
2588 2683 2773 2747 foede
2820 2705 2965 2748 cum
3009 2684 3139 2748 vita

697 2797 937 2861 iaceret
981 2797 1049 2859 in
1094 2797 1280 2860 terris
1327 2818 1627 2883 oppressa
1672 2776 1852 2882 gravi
1901 2800 2017 2862 sub
2062 2799 2406 2883 religione,
2455 2821 2616 2885 quae
2664 2806 2855 2885 caput
2900 2824 2939 2865 a
2984 2801 3140 2865 caeli

696 2915 1064 2998 regionibus
1111 2915 1484 2979 ostendebat
1513 2915 1805 2981 horribili
1836 2938 2027 3001 super
2057 2924 2319 3002 aspectu
2349 2918 2720 2982 mortalibus
2750 2919 3034 2983 instans’'
3060 2920 3136 3001 5),

694 3033 872 3096 nulla
916 3054 1080 3117 pax,
1126 3034 1304 3097 nulla
1345 3034 1640 3118 voluptas
1685 3035 2066 3098 mortalibus
2110 3022 2391 3121 unquam
2425 3036 2608 3099 datae
2641 3042 2841 3100 erant.
2908 3037 3139 3101 Paucis

693 3149 868 3213 idem
936 3149 1228 3214 Velleius
1297 3171 1382 3213 ex
1447 3150 1711 3236 Epicuri
1771 3158 1986 3215 mente
2035 3151 2187 3215 dicit
2232 3152 2402 3237 apud
2449 3153 2853 3217 Ciceronem:
2909 3155 3141 3240 „impo-

697 3267 912 3331 suistis
957 3268 1024 3330 in
1072 3268 1426 3331 cervicibus
1471 3269 1701 3332 nostris
1747 3270 2206 3354 sempiternum
2253 3270 2621 3352 dominum,
2668 3291 2859 3356 quem
2908 3270 3043 3335 dies
3081 3277 3144 3336 et

695 3392 915 3449 noctes
982 3386 1374 3450 timeremus.
1467 3387 1624 3461 Quis
1693 3387 1865 3450 enim
1931 3409 2059 3451 non
2126 3389 2350 3452 timeat
2406 3389 2618 3452 omnia
2661 3389 3139 3474 providentem,

698 3507 763 3565 et
823 3502 1254 3586 cogitantem,
1326 3490 1390 3565 et
1457 3503 2117 3585 animadvertentem,
2188 3509 2254 3566 et
2315 3505 2525 3568 omnia
2584 3504 2665 3568 ad
2709 3526 2776 3568 se
2820 3506 3141 3590 pertinere

695 3622 1074 3701 putantem,
1123 3618 1440 3681 curiosum
1489 3624 1553 3681 et
1598 3620 1862 3704 plenum
1908 3620 2153 3703 negotii
2197 3619 2408 3684 Deum
2432 3619 2501 3682 ?”
2528 3620 2598 3704 6).

785 3732 955 3816 Ergo
1002 3733 1055 3797 si
1099 3734 1560 3820 tranquillitate
1608 3741 1673 3798 et
1717 3736 2049 3820 voluptate
2096 3736 2220 3799 frui
2264 3737 2489 3800 volunt
2530 3736 2821 3801 homines
2865 3738 3141 3823 primum

697 3870 1077 3935 cognoscere
1140 3851 1375 3915 debent
1420 3874 1564 3916 cum
1609 3852 1874 3917 deorum
1928 3861 2260 3934 naturam,
2307 3862 2445 3918 tum
2492 3876 2615 3941 quo
2660 3855 2849 3919 modo
2896 3856 3138 3939 omnia,

698 3989 860 4055 quae
928 3969 1116 4052 fiant,
1184 3970 1460 4035 naturali
1526 3971 1773 4035 ratione
1834 3972 2141 4057 explicari
2201 3972 2465 4057 possint.
2556 3972 2741 4047 Quod
2806 3993 2996 4058 porro
3062 3972 3142 4037 ad

763 4229 800 4294 ¹)
869 4229 974 4290 VI,
1012 4232 1090 4278 66.

761 4324 801 4387 ²)
869 4324 946 4385 V,
986 4327 1128 4374 1224.

761 4419 802 4481 ³)
870 4419 948 4482 V,
988 4423 1128 4470 1233.

761 4513 802 4578 4)
873 4514 902 4564 Ι
922 4552 934 4575 ,
972 4516 1064 4567 107
1097 4530 1230 4581 seqq.

761 4607 798 4665 5)
867 4608 926 4669 Ι,
963 4612 1023 4658 63
1060 4624 1194 4674 seqq.

761 4702 802 4765 ⁶)
873 4704 950 4752 De
982 4709 1083 4752 nat.
1119 4704 1248 4753 deor.
1284 4704 1311 4753 I
1330 4743 1344 4769 ,
1379 4709 1458 4754 20.
