3529 5359
1790 321 1911 382 118

635 520 925 598 πάντων,
986 520 1139 586 scara*
1196 520 1568 608 πλεοναχὸν
1627 525 1870 607 τρόπον
1936 525 2465 608 ἐκκαθαιρομένων
2528 523 2881 608 συμφώνως
2934 531 3073 596 τοῖς

637 639 1077 720 φαινομένοις,
1133 640 1286 702 ὅταν
1354 666 1448 712 τις
1515 640 1588 703 τὸ
1656 640 2296 723 πιθανολογούμενον
2341 641 2494 724 ὑπὲρ
2543 641 2750 704 αὐτῶν
2799 637 3073 713 δεόντως

635 752 976 840 καταλίπῃ·
1031 754 1278 834 „omnia
1323 754 1518 838 igitur
1564 755 1630 817 in
1678 754 1970 818 omnibus
2016 754 2177 818 fiunt
2222 755 2575 818 secundum
2605 755 3071 819 immutabilem

633 867 946 931 rationem
994 868 1084 947 (id
1129 875 1265 932 est:
1312 869 1380 932 in
1427 868 1716 932 omnibus
1761 869 2218 954 phaenomenis
2266 871 2528 934 eaedem
2573 876 2839 934 naturae
2893 871 3071 953 leges

635 984 957 1050 observari
1021 987 1346 1071 possunt),
1409 986 1461 1048 si
1507 987 1843 1071 multiplici
1888 987 2133 1050 ratione
2196 987 2283 1068 (id
2328 993 2454 1050 est:
2528 987 2619 1050 ita
2687 992 2759 1050 ut
2820 987 3071 1071 singula

633 1100 1074 1186 phaenomena
1140 1101 1370 1164 iterata
1436 1106 1684 1165 tantum
1751 1101 2038 1166 adhibita
2097 1103 2588 1186 investigatione
2638 1102 3066 1187 explicentur)

635 1225 1075 1304 expurgantur
1143 1218 1596 1282 convenienter
1640 1219 1760 1301 iis,
1830 1239 1992 1304 quae
2059 1218 2390 1301 videntur,
2461 1241 2656 1305 quum
2717 1220 2857 1305 quis
2903 1219 3069 1305 quod

633 1333 1048 1419 probabiliter
1116 1333 1194 1397 de
1260 1333 1340 1396 iis
1411 1333 1909 1418 (phaenomenis)
1973 1333 2221 1416 dicitur,
2290 1343 2363 1398 ut
2409 1341 2701 1421 oportet,
2768 1334 3068 1420 relinquit

636 1451 800 1536 (fieri
860 1473 1044 1537 posse
1111 1451 1447 1535 concedit).
1505 1456 1657 1516 ὅταν
1718 1451 1784 1518 δέ
1841 1482 1933 1528 τις
1982 1455 2053 1517 τὸ
2101 1459 2212 1528 μὲν
2260 1453 2547 1539 ἀπολίπῃ
2593 1457 2748 1531 (11011
2796 1453 3069 1516 omiserit

634 1569 745 1634 sed
789 1571 1178 1654 reliquerit),
1223 1572 1297 1636 τὸ
1345 1568 1407 1636 δὲ
1453 1569 1694 1657 ἐκβάλῃ
1741 1575 1979 1652 ὁμοίως
2027 1574 2372 1656 σύμφωνον
2419 1571 2496 1636 ὂν
2542 1577 2627 1657 τῷ
2674 1575 3019 1656 φαινομένῳ
3052 1620 3069 1647 ,

632 1685 832 1761 δῆλον
901 1689 995 1752 ὅτι
1062 1692 1157 1752 καὶ
1227 1689 1289 1752 ἐκ
1346 1689 1588 1762 παντὸς
1648 1691 1918 1752 ἐκπίπτει
1987 1686 2584 1772 φυσιολογήματος,
2656 1690 2751 1752 ἐπὶ
2822 1685 2884 1752 δὲ
2954 1689 3067 1752 τὸν

630 1807 839 1883 μῦθον
885 1812 1208 1889 καταρρεῖ.
1257 1811 1472 1885 σημεῖα
1531 1801 1596 1868 δέ
1638 1831 1775 1868 τινα
1820 1808 1948 1867 τῶν
1993 1805 2059 1867 ἐν
2105 1812 2241 1878 τοῖς
2284 1805 2612 1888 μετεώροις
2660 1803 3067 1886 συντελουμέ-

633 1948 765 1985 νων
811 1923 975 2005 φέρει
1022 1919 1183 2002 (cod.
1233 1924 1462 2006 φέρειν)
1509 1924 1638 1985 τῶν
1683 1921 1829 2005 παρ’
1875 1922 2022 2001 ἡμῖν
2070 1949 2205 1984 τινα
2254 1922 2646 2006 φαινομένων
2688 1917 2725 1985 ἃ
2755 1924 3070 2006 θεωρεῖται

631 2034 671 2122 ᾖ
717 2035 880 2120 (cod.
927 2037 991 2118 ἢ)
1061 2035 1356 2124 ὑπάρχει,
1424 2041 1518 2101 καὶ
1590 2037 1703 2101 οὐκ
1767 2037 1921 2102 αὐτα
1981 2034 2056 2101 ‘roi
2104 2034 2269 2117 (cod.
2318 2037 2393 2100 οὐ
2438 2033 2514 2101 τὰ
2556 2035 2800 2100 mutavi
2845 2036 2913 2099 in
2958 2039 3071 2102 οὐκ

632 2153 788 2218 αὐτὰ
832 2151 948 2236 τά,
1017 2154 1314 2239 quoniam
1359 2152 1518 2216 mihi
1565 2153 1777 2217 dicere
1824 2153 2074 2218 videtur
2119 2153 2470 2238 EpicuruS,
2535 2174 2696 2240 quae
2742 2153 2915 2239 apud
2958 2176 3071 2217 nos

631 2270 931 2334 videntur
974 2293 1101 2335 non
1147 2271 1370 2336 eadem
1417 2292 1554 2336 esse
1599 2277 1792 2356 atque
1839 2292 1947 2352 ea,
1996 2291 2157 2357 quae
2204 2271 2271 2333 in
2320 2271 2495 2335 caelo
2539 2272 2912 2354 videantur,
2960 2271 3071 2334 sed

630 2389 862 2453 similia
921 2395 1212 2473 tantum,
1275 2389 1510 2454 indicia
1574 2390 1879 2454 nonnulla
1946 2411 1981 2452 e
2028 2390 2255 2475 quibus
2326 2390 2617 2453 concludi
2676 2390 2875 2475 possit
2920 2389 3072 2475 quid

618 2505 916 2589 possibile
984 2505 1088 2582 sit)
1152 2509 1219 2570 ἐν
1272 2514 1408 2580 τοῖς
1475 2507 1802 2589 μετεώροις
1850 2507 2189 2590 φαινόμενα
2264 2504 2357 2587 (rei
2408 2508 2746 2591 φαινόμενα
2793 2504 3069 2589 Epicuro

629 2643 757 2686 non
803 2627 951 2687 sunt
993 2641 1207 2685 rerum
1254 2620 1664 2707 apparentiae
1709 2621 1887 2707 (quas
1935 2619 2225 2708 φάσματα
2271 2623 2505 2704 vocat),
2546 2620 2657 2685 sed
2699 2641 2803 2685 res
2848 2619 3021 2707 ipsae
3050 2669 3067 2703 ,

632 2760 793 2826 quae
852 2741 1230 2826 apparent).
1297 2746 1488 2805 ταῦτα
1555 2740 1680 2825 γὰρ
1746 2736 2054 2825 ἐνδέχεται
2101 2739 2216 2823 (sic
2263 2738 2399 2803 cod.
2448 2738 2629 2803 Leid.
2653 2788 2669 2821 ,
2735 2738 2885 2802 alii:
2957 2740 3073 2803 οὐκ

631 2854 959 2944 ἐνδέχεται)
1004 2855 1386 2943 πλεοναχῶς
1430 2860 1722 2941 γενέσθαι
1755 2904 1771 2919 .
1818 2858 1890 2920 τὸ
1935 2859 2143 2939 μέντοι
2190 2854 2518 2943 φάντασμα
2565 2855 2839 2923 ἑκάστων
2883 2885 3070 2941 τηρη-

632 2978 774 3041 τέον
844 2980 940 3041 καὶ
986 2978 1081 3041 ἐπὶ
1150 2974 1225 3042 ra*
1288 2976 1722 3056 συναπτόμενα
1779 2978 1978 3060 τούτῳ
2025 2973 2389 3060 διαιρετέον,
2459 2973 2498 3039 ἃ
2546 2975 2660 3040 οὐκ
2703 2974 3069 3058 ἀντιμαρτυ-

630 3102 822 3177 ρεῖται
879 3101 1017 3168 τοῖς
1061 3093 1206 3177 παρ’
1253 3094 1402 3175 ἡμῖν
1445 3094 1804 3176 γινομένοις
1847 3090 2229 3177 πλεοναχῶς
2275 3090 2769 3157 συντελεῖσθαι.”
2834 3091 3067 3154 Lucre-

633 3210 759 3273 tius
802 3208 870 3271 in
913 3229 984 3272 re
1029 3215 1161 3272 tam
1206 3208 1386 3292 gravi
1430 3230 1468 3271 a
1511 3208 1817 3291 magistro
1862 3229 1990 3272 non
2036 3208 2331 3272 aberrat:
2390 3208 2579 3293 „quid
2598 3209 2805 3291 possit
2832 3207 3070 3291 fiatque

631 3345 747 3411 per
815 3346 999 3387 omne
1065 3325 1133 3387 in
1193 3324 1385 3389 variis
1451 3324 1704 3387 mundis
1773 3324 1950 3387 varia
2014 3324 2261 3387 ratione
2334 3325 2606 3419 creatis,
2698 3323 2764 3387 id
2832 3323 3022 3387 doceo
3049 3373 3066 3406 ‚

631 3442 959 3525 plurisque
1019 3462 1247 3528 sequor
1293 3441 1625 3527 disponere
1671 3462 1898 3504 causas
1943 3441 2221 3505 motibus
2269 3447 2582 3505 astrorum
2628 3462 2789 3528 quae
2830 3442 3069 3526 possint

635 3542 771 3621 esse
815 3578 931 3643 per
977 3577 1190 3640 omne3
1260 3578 1295 3621 e
1341 3557 1570 3643 quibus
1629 3579 1762 3621 una
1808 3563 2024 3621 tamen
2070 3558 2189 3621 siet
2235 3556 2383 3621 haec
2428 3578 2677 3644 quoque
2724 3577 2917 3620 causa
2960 3577 3067 3620 ne-

634 3679 870 3738 cessest
894 3723 910 3756 ,
958 3694 1119 3760 quae
1165 3680 1396 3759 vegeat
1440 3680 1682 3738 motum
1729 3674 1961 3758 signis3
2009 3673 2120 3737 sed
2149 3694 2310 3757 quae
2342 3674 2423 3737 sit
2456 3694 2675 3737 earum
2705 3674 3066 3760 praecipere

633 3790 791 3854 haut
836 3797 1212 3876 quaquamst
1258 3791 1673 3877 pedetemtim
1718 3789 2225 3875 progredientis”
2264 3792 2323 3873 ¹).

721 3908 1056 3972 Lucretius
1101 3910 1321 3994 procul
1366 3909 1556 3972 dubio
1602 3908 1681 3972 de
1726 3914 1941 3973 nostro
1985 3908 2221 3972 mundo
2269 3908 2401 3971 solo
2450 3907 2655 3971 dixit:
2702 3908 2813 3972 sed
2857 3915 3068 3972 tamen

633 4024 1020 4088 monendum
1067 4031 1204 4109 est,
1251 4026 1600 4111 Epicurum
1645 4026 1940 4089 statuisse
1986 4026 2307 4089 infinitum
2354 4046 2489 4089 esse
2536 4026 2915 4097 mundorum
2960 4048 3069 4088 nu-

634 4162 899 4205 merum.
990 4142 1268 4206 Mundus
1337 4150 1551 4207 autem
1620 4150 1715 4207 est
1777 4149 2043 4230 περιοχή
2104 4173 2197 4222 τις
2258 4145 2536 4227 οὐρανοῦ
2597 4144 2795 4228 ἄστρα
2854 4172 2918 4208 τε
2976 4148 3068 4207 καὶ

635 4270 758 4344 γῆν
804 4264 898 4324 καὶ
946 4258 1146 4325 πάντα
1191 4260 1266 4325 ‘ni
1313 4264 1650 4347 φαινόμενα
1696 4265 2112 4347 περιέχουσα,
2158 4263 2486 4343 ἀποτομὴν
2536 4261 2771 4347 ἔχουσα
2803 4262 2932 4326 ἀπό
2960 4267 3070 4325 τοῦ

636 4375 894 4462 ἀπείρου
940 4383 1044 4442 καὶ
1093 4378 1535 4465 καταλήγουσα
1583 4382 1647 4444 ἐν
1692 4382 1953 4462 πέρασιν
1999 4379 2037 4454 ἢ
2087 4380 2286 4465 ἀραιῷ
2328 4379 2366 4454 ἢ
2428 4384 2643 4465 πυκνῷ
2673 4380 2710 4455 ἢ
2756 4381 2820 4444 ἐν
2866 4408 3074 4465 περια·

701 4606 742 4675 ¹)
809 4606 871 4657 V.
908 4609 1001 4659 527
1041 4622 1175 4673 seqq.
