3529 5359
1588 408 1708 470 119

427 613 672 697 γομένῳ
705 611 744 686 ἢ
790 613 855 677 ἐν
901 608 1118 676 στάσιν
1165 611 1377 696 ἔχοντι
1403 660 1416 675 .
1456 659 1469 673 .
1501 657 1516 672 .
1551 615 1897 696 πανταχῶς
1926 607 2049 696 ’γιὶρ
2083 605 2390 695 ἐνδέχεται
2417 609 2483 691 ¹).
2547 607 2627 671 In
2656 611 2870 671 nostro

426 725 663 789 mundo
733 732 947 789 autem
1006 726 1214 812 λῆγον
1283 728 1427 792 οὐκ
1472 727 1642 791 ἔστι
1691 725 1798 808 (τι)
1848 723 2359 791 καταλαβεῖν
2406 723 2603 800 (1.1.).
2696 721 2868 806 Ergo

427 843 480 903 si
547 841 966 928 Empedocles
1027 843 1224 906 solem
1286 848 1470 927 putat
1540 845 1662 907 ὑπὸ
1725 853 1836 920 τῆς
1889 845 2305 927 περιεχούσης
2353 841 2548 905 αὐτὸν
2596 843 2865 925 σφαίρας

427 959 830 1044 κωλυόμενον
865 961 1013 1047 ἄχρι
1045 961 1284 1035 παντὸς
1319 961 1689 1044 εὐθυπορεῖν
1721 964 1819 1024 καὶ
1851 961 1975 1023 ὑπὸ
2008 964 2135 1023 τῶν
2167 962 2481 1043 τροπικῶν
2514 955 2762 1021 κύκλων
2788 956 2868 1038 ²),

426 1076 742 1161 Epicurus
775 1097 934 1141 *eum
978 1098 1106 1140 non
1147 1077 1424 1159 refellit,
1471 1096 1620 1139 nam
1665 1080 1876 1160 potest
1920 1073 2193 1137 mundus
2238 1073 2305 1136 in
2351 1073 2543 1136 finem
2576 1071 2866 1136 desinere

427 1193 734 1257 densum:
785 1195 835 1258 si
881 1195 1043 1259 alius
1087 1201 1302 1258 tamen
1345 1192 1412 1256 id
1456 1193 1594 1255 fieri
1637 1199 1833 1276 negat
1864 1197 2202 1276 putatque,
2249 1195 2321 1254 ut
2350 1189 2867 1271 Anaximander,

427 1312 675 1376 eaelum
735 1317 796 1377 ἐκ
840 1315 1116 1393 πέμπτου
1162 1313 1452 1394 σώματος
1485 1361 1500 1392 ,
1552 1311 1590 1386 ἢ
1637 1313 1699 1374 ἐκ
1745 1315 1979 1393 θερμοῦ
2029 1314 2125 1373 καὶ
2173 1309 2427 1394 ψυχροῦ
2473 1312 2783 1394 μίγματος
2816 1303 2867 1389 3)

428 1435 760 1511 constare,
822 1450 1028 1514 neque
1095 1428 1162 1490 id
1205 1427 1520 1512 Epicurus
1565 1425 1847 1510 negabit.
1939 1424 2113 1488 Num
2158 1423 2477 1508 Epicurus
2524 1429 2587 1486 et
2632 1422 2869 1486 Lucre-

427 1547 556 1610 tius
621 1546 969 1610 Xenocrati
999 1548 1048 1628 4)
1140 1545 1380 1608 assensi
1447 1544 1615 1625 sint,
1709 1542 1995 1606 censenti
2064 1541 2219 1606 κατὰ
2294 1545 2440 1624 μιᾶς
2511 1543 2869 1625 ἐπιφανείας

429 1669 668 1728 κεῖσθαι
737 1664 847 1745 (sic
893 1684 1036 1727 cum
1104 1661 1376 1726 Stobaeo
1442 1659 1787 1744 legendum
1834 1665 1971 1741 est3
2041 1658 2214 1720 Plut.
2262 1656 2455 1720 habet
2502 1657 2867 1738 κινεῖσθαι),

427 1783 581 1859 τοὺς
650 1782 954 1866 ἀστέρας,
1029 1802 1113 1842 an
1176 1779 1546 1842 Democrito
1615 1776 1971 1862 Stoicisque
2004 1777 2081 1858 ⁵),
2150 1773 2524 1860 putantibus
2568 1776 2693 1858 πρὸ
2740 1777 2868 1837 τῶν

429 1900 652 1982 ἑτέρων
725 1902 873 1976 τοὺς
949 1900 1194 1980 ἑτέρους
1267 1898 1332 1960 ἐν
1408 1896 1545 1978 ὕψει
1621 1899 1716 1958 καὶ
1763 1892 1958 1979 βάθει
2002 1892 2242 1976 positos
2298 1911 2479 1973 esse,
2548 1911 2677 1954 non
2722 1911 2867 1952 con-

429 2018 575 2077 stat.
645 2051 725 2058 ——
796 2013 1001 2097 Supra
1064 2013 1192 2076 iam
1258 2012 1467 2074 locum
1535 2010 1933 2074 laudavimus
2000 2009 2099 2092 (D.
2149 2008 2224 2071 L.
2275 2009 2417 2091 88),
2491 2028 2525 2070 e
2595 2027 2717 2093 quo
2761 2027 2869 2091 ap-

427 2136 612 2214 paret
715 2129 1061 2214 Epicurum
1165 2150 1292 2192 non
1398 2127 1756 2191 definivisse
1853 2132 2067 2190 utrum
2156 2125 2316 2189 caeli
2405 2124 2575 2188 orbis
2662 2129 2869 2187 verta-

425 2252 534 2309 tur
578 2267 660 2310 an
727 2267 878 2309 vero
937 2250 1193 2308 maneat
1237 2245 1304 2308 in
1348 2245 1618 2308 statione
1651 2248 1713 2326 6).
1828 2242 2011 2308 Idem
2079 2241 2420 2306 Lucretius
2488 2263 2579 2304 vs,
2630 2243 2756 2305 510
2803 2246 2869 2304 et

423 2365 576 2436 517.
668 2362 737 2426 Si
797 2368 1014 2427 autem
1080 2382 1348 2445 magnus
1418 2361 1577 2425 caeli
1623 2360 1792 2424 orbis
1837 2360 2107 2424 vertitur
2143 2358 2231 2443 ⁷),
2300 2364 2612 2432 astrorum
2656 2363 2867 2421 motus

427 2478 518 2542 sic
588 2479 896 2564 explicari
955 2486 1237 2563 possunt.
1329 2479 1430 2542 Ne
1477 2477 1859 2541 dissolvatur
1902 2477 2209 2558 mundus,
2279 2496 2537 2540 necesse
2585 2481 2711 2557 est,
2782 2495 2867 2537 ex

423 2601 694 2681 utraque
762 2602 943 2682 parte
990 2617 1098 2660 aer
1143 2601 1389 2682 premat
1433 2596 1650 2681 polum
1695 2593 1955 2677 mundi,
2026 2595 2159 2657 sive
2204 2593 2345 2657 axis
2389 2593 2579 2676 fineS,
2628 2593 2865 2656 circum

423 2735 615 2801 quem
661 2715 954 2778 volvitur.
1045 2714 1138 2778 Ut
1166 2714 1324 2779 haec
1347 2713 1660 2777 revolutio
1685 2733 1871 2797 porro
1898 2712 2041 2795 fiat,
2077 2711 2267 2774 tertio
2299 2731 2445 2773 aere
2492 2710 2624 2773 sive
2671 2715 2865 2773 vento

424 2855 584 2918 opus
609 2840 737 2913 est,
783 2834 890 2919 qui
919 2812 1166 2897 medius
1195 2833 1362 2896 inter
1393 2838 1733 2918 utrumque
1764 2831 1981 2916 polum
2016 2850 2206 2913 supra
2229 2833 2435 2892 totum
2460 2827 2677 2891 orbem
2706 2828 2864 2890 fluat

423 2970 698 3035 eumque
722 2950 789 3012 in
815 2950 1081 3013 eandem
1104 2956 1349 3035 partem
1375 2950 1620 3024 volvat,
1647 2954 1837 3034 atque
1862 2946 2105 3011 aeterni
2129 2945 2349 3009 mundi
2375 2944 2581 3009 sidera
2604 2944 2863 3008 volvan-

423 3072 531 3130 tur
553 3117 569 3149 ‚
615 3090 763 3131 nam
809 3088 886 3131 ea
936 3068 1129 3131 totius
1161 3068 1320 3131 caeli
1351 3067 1516 3130 orbis
1547 3066 1862 3129 rotatione
1892 3065 1962 3127 fit
1988 3115 2003 3148 ,
2049 3069 2121 3127 ut
2154 3062 2361 3127 sidera
2392 3084 2460 3126 se
2494 3062 2865 3141 circumvol-

423 3204 574 3247 vere
601 3184 955 3248 videantur.
981 3184 1163 3247 Idem
1187 3190 1401 3247 tamen
1425 3204 1674 3270 quoque
1701 3183 1840 3246 fieri
1863 3188 2105 3271 potest,
2148 3182 2301 3245 etin
2326 3180 2593 3244 eandem
2616 3186 2865 3265 partem

425 3300 633 3364 sidera
678 3322 745 3364 se
791 3302 1325 3383 circumvolvent,
1373 3302 1424 3363 si
1469 3302 1664 3364 alium
1708 3307 2011 3382 ventum,
2058 3300 2125 3362 in
2170 3298 2515 3363 contrarias
2554 3302 2766 3383 partes
2797 3317 2863 3360 se

424 3425 828 3502 moventem,
885 3419 1104 3482 subtus
1149 3418 1394 3481 caelum
1442 3418 1815 3502 provolvere
1862 3418 2197 3481 statuimus
2228 3418 2291 3499 ⁸).
2382 3416 2625 3480 Eodem
2668 3415 2865 3499 igitur

495 3680 532 3745 ²)
605 3680 668 3729 D.
704 3681 762 3729 L.
797 3680 863 3729 X.
901 3683 977 3730 88.

489 3775 530 3839 2)
601 3774 734 3824 Plut.
767 3774 892 3838 plac.
929 3774 1004 3823 Π.
1042 3778 1118 3823 23.
1155 3774 1218 3824 of.
1253 3774 1346 3835 11,
1387 3757 1459 3822 1‘1.
2604 3826 2609 3831 ,

487 3870 528 3935 3)
599 3869 731 3919 Plut.
779 3869 903 3933 plac.
941 3869 999 3919 II
1014 3906 1028 3929 ,
1081 3884 1185 3932 cap.
1226 3873 1307 3929 11,
1357 3867 1447 3917 ubi
1491 3872 1657 3917 tamen
1689 3867 1892 3917 minime
1923 3873 2055 3917 recte
2086 3868 2179 3917 hoc
2213 3866 2453 3931 placitum
2485 3866 2741 3917 Aristoteli
2772 3868 2861 3917 tri-

421 3964 608 4013 buitur.
657 3964 895 4014 Stobaeus
945 3963 1312 4013 Anaximandro
1359 3964 1412 4012 id
1459 3962 1666 4013 tribuit:
1715 3968 1860 4012 recte.
1912 3964 1974 4012 cf.
2032 3963 2275 4011 Miillach.
2323 3963 2383 4011 fr.
2440 3962 2671 4013 Anaxim.
2725 3964 2768 4013 Ι.
2810 3979 2859 4026 p.

425 4062 517 4108 240
552 4060 613 4108 fr.
651 4062 695 4107 2.

485 4154 526 4219 4)
598 4154 730 4203 Plut.
765 4154 888 4217 plac.
927 4154 985 4203 II
1004 4190 1017 4215 ,
1059 4157 1131 4203 15.
1184 4154 1325 4203 Idem
1357 4154 1550 4204 censuit
1582 4154 1980 4215 Anaximander,
2014 4154 2140 4217 plac.
2176 4152 2236 4203 II
2256 4190 2269 4213 ,
2309 4156 2383 4201 16.

487 4248 528 4313 ⁵)
597 4249 656 4297 L.
690 4247 724 4296 1.
760 4248 905 4297 Lucr.
941 4247 1001 4298 V.
1037 4264 1110 4297 vs.
1147 4251 1240 4297 623
1275 4264 1406 4311 seqq.

485 4342 522 4400 ⁶)
592 4342 667 4392 Cf.
717 4348 967 4405 praeterea
1015 4344 1109 4389 92:
1160 4341 1254 4399 τάς
1301 4360 1349 4391 τε
1399 4340 1618 4401 κινήσεις
1669 4344 1846 4392 αὐτῶν
1901 4340 2024 4406 (τῶν
2074 4342 2297 4406 ἄστρων)
2352 4342 2444 4391 οὐκ
2480 4341 2737 4393 ἀδύνατον
2770 4346 2861 4407 μὲν

423 4440 652 4503 γίνεσθαι
687 4439 815 4486 κατὰ
850 4438 946 4496 τὴν
981 4440 1069 4487 τοῦ
1103 4439 1226 4487 ὅλου
1261 4438 1481 4501 οὐρανοῦ
1515 4436 1687 4499 δίνην,
1745 4438 1778 4497 ἢ
1814 4436 1996 4487 τούτου
2032 4438 2121 4499 μὲν
2157 4440 2372 4497 στάσιν,
2408 4439 2579 4487 αὐτῶν
2614 4437 2662 4487 δὲ
2699 4438 2857 4499 δίνην.

487 4533 528 4598 ⁷)
600 4532 742 4589 Quod
785 4533 1151 4581 Anaximander
1181 4532 1321 4580 vult:
1367 4532 1492 4595 plac.
1530 4532 1588 4581 Π
1613 4569 1626 4591 ,
1677 4536 1768 4580 16:
1808 4530 2227 4596 Ἀναξίμανδρος,
2266 4531 2367 4583 ὑπὸ
2403 4538 2505 4582 τῶν
2540 4533 2741 4584 κύκλων
2775 4536 2861 4583 καὶ

425 4632 526 4677 τῶν
559 4632 783 4692 σφαιρῶν
817 4626 886 4692 ἐφ’
923 4626 994 4676 ὧν
1026 4626 1237 4684 ἕκαστος
1276 4628 1398 4687 (τῶν
1432 4626 1654 4692 ἄστρων)
1691 4626 1907 4690 βέβηκε,
1944 4628 2179 4691 φέρεσθαι
2214 4630 2345 4674 astra
2376 4630 2535 4688 putat.

485 4722 538 4795 8),
599 4720 724 4769 Cum
759 4720 970 4769 Mum-oo
1003 4720 1226 4770 codicum
1259 4719 1518 4768 lectionem
1551 4720 1718 4783 probo.
1786 4720 1847 4769 V.
1884 4724 2123 4769 509—16.
