3529 5359
1810 365 1933 426 110

650 568 758 655 qui
825 573 1150 654 tamquam
1219 567 1468 630 animae
1535 573 1685 630 sunt
1745 567 2120 632 caelestium
2185 587 2519 651 corporum
2579 567 2704 649 (41.
2751 565 2832 630 A.
2882 565 2991 648 D.)
3026 567 3092 647 ¹).

738 684 893 758 Quis
961 689 1058 746 est
1125 683 1233 768 qui
1299 683 1364 746 in
1433 682 1623 746 huius
1691 683 2014 746 doctrinae
2082 687 2340 746 auctore
2401 702 2530 744 non
2586 681 2763 744 videt
2806 680 3095 744 Lucretii

651 799 1116 881 adversarium,
1165 799 1344 862 cuius
1377 799 1750 884 eloquenter
1782 799 2077 883 exposita
2107 799 2393 862 doctrina
2419 848 2434 880 ,
2484 797 2745 861 deorum
2777 798 2934 860 dum
2965 797 3097 860 lau-

653 917 764 982 des
831 918 1124 1000 extollit,
1193 917 1414 980 mundi
1475 917 1823 1002 perfectam
1868 915 2363 1002 pulcritudinem
2408 915 2798 998 admiratur,
2866 919 3096 1000 poetae

652 1034 934 1098 animum
1001 1033 1349 1098 acerbitate
1415 1033 1733 1097 imbutum
1794 1034 2045 1098 irritare
2115 1034 2336 1098 debuit
2402 1034 2495 1097 ita
2520 1083 2536 1116 ,
2582 1039 2656 1096 ut
2708 1053 2835 1096 non
2885 1032 3097 1096 minus

653 1152 1026 1238 eloquenter
1094 1173 1240 1215 eum
1309 1153 1760 1237 oppugnaret?
1849 1151 2021 1236 Ergo
2090 1173 2218 1215 non
2286 1151 2483 1215 Stoici
2530 1150 2643 1214 sed
2686 1151 2873 1214 Plato
2919 1149 3097 1213 hisce

651 1269 938 1333 versibus
984 1291 1022 1332 a
1053 1268 1351 1332 Lucretio
1398 1275 1864 1353 oppugnantur.
1957 1268 2231 1334 Omnino
2278 1269 2513 1332 nullius
2557 1269 2689 1331 fere
2735 1265 3098 1354 philosophi

651 1386 1055 1470 cosmogonia
1099 1386 1304 1470 magis
1349 1385 1429 1449 ab
1477 1385 1798 1470 Epicurea
1844 1386 2160 1471 discrepat
2205 1408 2395 1471 quam
2439 1386 2745 1450 Platonis
2834 1385 2914 1448 In
2958 1384 3100 1469 ipsa

651 1504 908 1567 notione
975 1503 1196 1566 mundi
1266 1524 1456 1589 quam
1523 1503 1805 1567 maxime
1876 1503 2297 1569 dissentiunt:
2369 1503 2685 1588 Epicurus
2732 1503 3100 1566 innumeros

653 1642 789 1685 esse
835 1621 1104 1684 mundos
1152 1620 1316 1683 dixit
1341 1669 1357 1702 ,
1404 1620 1591 1684 Plato
1637 1642 1838 1683 unum
1884 1625 2175 1684 tantum:
2223 1620 2327 1684 hic
2374 1621 2662 1685 Platonis
2692 1620 2968 1683 mundus
2999 1624 3101 1682 est

651 1724 1022 1802 universum
1070 1743 1135 1800 et
1179 1743 1385 1800 totum
1432 1736 1747 1822 quoddam
1773 1787 1789 1820 ,
1838 1737 2005 1823 quod
2052 1739 2181 1801 suis
2225 1737 2511 1823 partibus
2555 1738 2907 1823 perfectum
2950 1757 3101 1800 con-

653 1861 810 1920 stat:
881 1855 1145 1940 Epicuri
1190 1860 1410 1918 contra
1453 1854 1822 1918 universum
1866 1854 2027 1918 nihil
2074 1861 2171 1918 est
2217 1876 2405 1941 quam
2450 1877 2697 1920 summa
2742 1860 3100 1918 atomorum

654 1977 720 2036 et
770 1973 950 2036 vacui
997 1973 1132 2035 sine
1178 1971 1380 2036 forma
1425 1971 1704 2036 definita.

742 2089 1044 2154 Consulto
1090 2089 1378 2153 Platonis
1421 2089 1591 2152 locos
1639 2110 1673 2152 e
1719 2089 1984 2152 Timaeo
2028 2094 2279 2152 tantum
2318 2089 2741 2174 sumpsimus,
2797 2087 3097 2174 quoniam

653 2227 781 2270 11011
812 2212 1012 2270 totam
1045 2206 1174 2269 divi
1202 2206 1490 2270 Platonis
1521 2205 1991 2291 philosophiam
2022 2205 2127 2269 hic
2158 2206 2364 2270 refelli
2394 2212 2692 2291 putamus
2719 2256 2735 2288 ,
2781 2205 2894 2269 sed
2925 2205 3096 2269 hunc

653 2324 858 2388 solum
901 2323 1152 2387 librum.
1247 2322 1431 2396 Quod
1505 2323 1557 2387 si
1623 2327 1799 2386 recte
1860 2321 2250 2386 ostendimus
2319 2324 2513 2387 etiam
2586 2322 2898 2387 difficilior
2966 2343 3096 2386 res-

652 2446 747 2506 tat
815 2440 1130 2527 quaesti0,
1197 2461 1352 2502 num
1423 2460 1536 2503 suo
1609 2444 1813 2504 marte
1860 2439 2197 2503 Lucretius
2242 2440 2498 2503 Platoni
2544 2461 2801 2526 operam
2850 2439 3097 2503 dederit

654 2580 736 2622 an
804 2578 889 2621 ex
950 2556 1214 2643 Epicuri
1281 2556 1530 2642 scriptis
1590 2557 1694 2620 vel
1761 2556 2019 2620 aliunde
2088 2578 2235 2621 eum
2296 2559 2683 2642 cognoverit.
2773 2558 3098 2642 Diogenes

651 2675 948 2741 Laertius
979 2671 1024 2759 ²)
1070 2674 1400 2739 nobiscum
1446 2648 1870 2739 communicat
1915 2675 2266 2761 Epicurum
2313 2679 2465 2752 τούς·
2508 2706 2569 2741 τε
2601 2683 2740 2759 περὶ
2780 2676 3099 2743 Πλάτωνα

655 2792 1217 2872 Διονυσοκόλακας
1263 2797 1360 2858 καὶ
1409 2793 1602 2857 αὐτὸν
1650 2791 1970 2859 Πλάτωνα
2018 2802 2305 2880 χρυσοῦν
2332 2814 2633 2876 vocasse,
2681 2792 2851 2878 quod
2878 2793 3103 2878 procul

653 2910 844 2974 dubio
913 2910 980 2973 in
1047 2910 1282 2973 malam
1349 2915 1596 2994 partem
1643 2908 1968 2992 adhibuit,
2014 2917 2089 2973 ut
2134 2932 2341 2975 nexus
2388 2910 2590 2975 docet.
2684 2910 2984 2976 Ceterum
3028 2910 3102 2974 in

653 3026 916 3111 Epicuri
969 3025 1342 3110 fragmentis
1389 3046 1713 3111 nunquam
1760 3025 1949 3090 Plato
1993 3028 2372 3091 nominatim
2418 3027 2764 3109 refellitur,
2812 3033 3101 3091 attamen

654 3149 761 3207 est*
783 3145 989 3226 locus,
1013 3143 1182 3206 unde
1206 3148 1473 3228 apparet
1501 3142 1851 3227 Epicurum
1877 3142 2013 3206 eius
2046 3142 2397 3208 doctrinam
2427 3144 2855 3228 redarguisse,
2886 3164 3099 3229 neque

652 3260 772 3325 hoc
796 3261 1000 3325 solum
1022 3281 1246 3324 verum
1271 3260 1465 3323 etiam
1497 3280 1644 3323 eum
1674 3259 1964 3324 Platonis
1989 3260 2325 3325 Timaeum
2348 3268 2496 3324 ante
2522 3262 2736 3326 oculos
2759 3261 3055 3347 habuisse
3081 3284 3096 3324 :

659 3385 832 3461 „tum
865 3378 1154 3442 Velleius
1177 3378 1447 3441 fidenter
1477 3397 1627 3441 sane
1647 3426 1663 3459 ,
1696 3384 1769 3440 ut
1799 3377 2006 3441 solent
2028 3378 2169 3461 isti,
2200 3378 2361 3442 nihil
2384 3385 2516 3442 tam
2540 3400 2766 3443 verens
2791 3401 2981 3466 quam
3013 3401 3098 3444 ne

654 3496 946 3561 dubitare
989 3497 1203 3582 aliqua
1235 3495 1312 3560 de
1339 3517 1408 3560 re
1439 3496 1798 3579 videretur,
1844 3502 2169 3582 tamquam
2198 3496 2385 3560 modo
2419 3517 2502 3560 ex
2535 3497 2797 3561 deorum
2829 3498 3098 3562 concilio

654 3619 720 3678 et
743 3635 828 3678 ex
852 3614 1115 3701 Epicuri
1143 3613 1588 3678 intermundiis
1613 3613 2047 3678 descendisset
2060 3618 2135 3697 ³),
2182 3615 2417 3697 audite,
2450 3615 2692 3700 inquit,
2739 3637 2866 3679 non
2896 3614 3099 3679 futilis

653 3732 1252 3819 commenticiasque
1287 3732 1636 3795 sententias
1663 3781 1679 3814 ,
1722 3753 1852 3795 11011
1884 3731 2174 3817 opificem
2205 3733 2799 3819 aedificatoremque
2830 3732 3050 3797 mundi
3077 3782 3095 3817 ,

651 3848 950 3913 Platonis
995 3850 1070 3913 de
1119 3850 1371 3913 Timaeo
1417 3849 1600 3912 deum
1624 3870 1645 3912 .·
1711 3868 1830 3912 nec
1876 3870 2068 3913 anum
2114 3849 2479 3933 fatidicam,
2534 3850 2892 3915 Stoicorum
2940 3853 3095 3935 πρό-

719 4143 758 4208 1)
829 4144 966 4194 Illud
1009 4142 1128 4193 item
1160 4158 1262 4193 non
1301 4146 1378 4193 est
1426 4147 1483 4193 ut
1530 4141 1685 4206 possis
1719 4143 1914 4193 credere
1932 4179 1946 4203 ,
1981 4144 2118 4193 sedes
2151 4158 2257 4193 esse
2289 4144 2435 4194 deum
2468 4147 2661 4193 sanctas
2692 4142 2747 4193 111
2778 4142 2949 4193 mundi
2981 4158 3093 4206 par-

652 4237 789 4289 tibus
821 4237 967 4298 ullis,
1003 4253 1077 4288 vs.
1114 4236 1224 4287 146.

717 4334 759 4399 ²)
828 4334 881 4383 x
901 4370 915 4395 ,
951 4336 996 4383 8.

716 4428 756 4491 ³)
825 4428 1046 4477 Eandem
1090 4426 1438 4478 confidentiam
1488 4431 1637 4491 atque
1687 4427 1893 4490 Epicuri
1940 4427 1994 4477 in
2036 4444 2127 4477 sua
2158 4426 2380 4478 doctrina
2412 4428 2699 4491 exponenda
2730 4427 2945 4491 produnt
2971 4425 3095 4476 haec

653 4522 873 4575 Lucretii
893 4522 1071 4573 verba:
1097 4523 1288 4583 „multo
1310 4528 1442 4572 certa
1462 4522 1651 4573 ratione
1674 4523 1831 4587 magis
1854 4539 2003 4588 quam
2026 4523 2224 4588 Pythia,
2250 4538 2375 4586 quae
2390 4522 2581 4585 tripode
2600 4538 2630 4571 a
2646 4522 2833 4572 Phoebi
2855 4522 3092 4585 lauroque

651 4618 901 4682 profatur,
933 4618 1092 4667 multa
1119 4617 1214 4668 tibi
1243 4617 1502 4681 expediam
1528 4616 1684 4668 doctis
1705 4617 1888 4671 solacia
1905 4617 2083 4668 dictis''
2120 4635 2194 4668 vs.
2225 4622 2331 4667 111.
2367 4618 2495 4667 Sane
2509 4634 2608 4667 non
2630 4616 2778 4667 nimis
2807 4618 2971 4667 audax
2999 4616 3096 4667 erit

655 4713 746 4777 qui
776 4718 918 4777 putet
949 4718 1213 4780 utrumque
1232 4750 1245 4773 ,
1282 4712 1564 4763 Ciceronem
1597 4722 1648 4762 et
1669 4712 1955 4763 Lucretium
1975 4750 1987 4773 ‚
2023 4714 2086 4762 ad
2108 4713 2316 4762 eundem
2334 4711 2542 4775 Epicuri
2556 4712 2720 4763 locum
2735 4711 2817 4761 hic
2834 4710 3090 4775 respicere.
