3529 5359
684 581 927 646 vocavi.
1018 579 1218 645 Grata
1261 579 1421 643 mihi
1466 599 1716 664 semper
1761 579 1885 642 erit
1928 580 2274 664 temporis,
2323 581 2491 667 quod
2537 587 2601 646 te
2640 581 2821 666 duce,
2852 583 3137 668 Belgicis

683 727 968 813 impendi
1010 726 1285 810 litteris,
1331 726 1659 790 memoria.

801 875 985 952 Quod
1046 875 1098 939 si
1161 875 1230 938 in
1297 895 1494 961 parvo
1562 873 1682 940 1100
1725 874 1945 939 libello
1989 897 2116 942 non
2162 875 2392 940 desunt
2456 875 2893 965 philosophiae
2938 879 3135 944 studii

685 1029 750 1087 et
815 1022 1050 1087 amoris
1116 1021 1392 1106 vestigia
1417 1071 1433 1104 ,
1495 1021 1613 1084 tibi
1673 1021 1973 1104 debetur,
2019 1021 2411 1120 nobilissime
2457 1028 2523 1088 et
2568 1024 2914 1089 clarissime
2958 1046 3019 1091 v.
3068 1025 3130 1090 d.

684 1169 945 1254 Wijck,
1006 1169 1117 1255 qui
1174 1169 1418 1256 primus
1476 1174 1653 1233 tanto
1715 1167 2155 1270 philosophiae
2215 1170 2439 1235 ardore
2504 1192 2608 1235 me
2668 1172 2994 1256 imbuisti,
3055 1178 3132 1237 ut

681 1318 826 1403 plus
886 1318 999 1382 otii
1068 1339 1257 1404 quam
1321 1316 1528 1380 adhuc
1595 1315 1808 1381 studia
1874 1337 2021 1417 mea
2087 1316 2483 1402 concedunt,
2551 1317 2700 1385 huic
2757 1320 3129 1408 disciplinae

678 1464 1018 1551 aliquando
1063 1485 1167 1530 me
1211 1462 1582 1550 impendere
1627 1485 1815 1550 posse
1860 1465 2149 1549 gestiam.

763 1613 954 1696 Tibi,
1003 1612 1363 1676 doctissime
1412 1617 1476 1676 et
1520 1612 1870 1677 clarissime
1916 1613 2181 1678 Hecker
2225 1619 2480 1698 gratum
2525 1615 2733 1678 refero
2780 1615 2832 1679 si
2878 1616 3032 1702 quid
3057 1618 3126 1680 in

674 1763 940 1827 historia
985 1763 1202 1848 sapio:
1251 1769 1364 1826 tua
1407 1761 1540 1825 sola
1592 1761 1873 1825 sollertia
1924 1760 2161 1826 factum
2194 1768 2333 1845 est,
2382 1767 2453 1825 ut
2483 1762 2813 1846 ingenium
2858 1784 3073 1828 meum
3106 1813 3121 1847 ,

674 1931 889 1974 rerum
947 1916 1272 1994 gestarum
1327 1907 1535 1973 studio
1582 1930 1809 1995 parum
1854 1914 2075 1994 aptum
2100 1958 2116 1991 ,
2164 1913 2473 1995 quantum
2517 1908 2819 2002 historiae
2849 1910 3128 1995 cognitio

677 2057 902 2122 afferat
947 2062 1011 2120 et
1056 2055 1402 2141 voluptatis
1448 2061 1514 2119 et
1555 2055 1892 2138 utilitatis,
1938 2055 2357 2140 perspexerit.

758 2205 988 2291 Neque
1057 2209 1231 2269 tuam
1293 2222 1446 2286 erga
1512 2222 1615 2265 me
1683 2201 2199 2265 benevolentiam
2267 2203 2707 2287 praetermitto
2777 2203 3125 2268 clarissime

673 2352 986 2434 VaIeton,
1037 2352 1147 2439 qui
1193 2357 1342 2416 ante
1386 2350 1502 2414 hos
1547 2357 1794 2436 septem
1840 2372 2037 2415 annos
2081 2351 2323 2438 primus
2377 2372 2605 2435 graece
2666 2352 2934 2417 docuisti
2978 2374 3081 2418 me
3102 2402 3122 2432 ‚

672 2501 889 2586 itaque
935 2499 1169 2586 partim
1214 2498 1698 2562 fundamentum
1743 2498 1953 2561 iecisti
1997 2498 2417 2583 posteriorum
2440 2519 2727 2562 meorum
2752 2499 3122 2564 studiorum.

761 2646 941 2730 Tibi,
1011 2646 1214 2710 amice
1243 2677 1250 2687 ·
1277 2645 1508 2730 Segers
1572 2644 1716 2725 (hoc
1787 2645 2009 2730 pulcro
2086 2645 2341 2709 nomine
2410 2650 2475 2709 te
2536 2646 2919 2732 compellare
2964 2646 3123 2711 mihi

673 2795 925 2877 liceat),
974 2793 1083 2879 qui
1128 2793 1370 2878 primus
1416 2792 1614 2856 latine
1659 2813 1763 2855 me
1814 2792 2045 2856 docens
2092 2813 2236 2856 cum
2282 2793 2407 2857 alia
2454 2793 2665 2857 studia
2709 2794 2836 2857 iam
2888 2795 3120 2881 partim

671 2941 1084 3006 absolvissem
1145 2961 1377 3003 novam
1423 2939 1600 3003 viam
1644 2938 1809 3001 inire
1852 2938 2010 3001 mihi
2050 2939 2463 3023 persuasisti,
2511 2891 2621 3027 qui
2651 2941 2733 3004 ad
2762 2941 2966 3005 multa
2996 2942 3121 3006 alia

659 3088 986 3153 'beneficia
1030 3086 1150 3150 hoc
1197 3086 1496 3151 addidisti
1535 3085 1703 3173 quod
1733 3086 2249 3171 peregrinantem
2278 3107 2380 3150 me
2406 3087 2705 3171 Lugduni
2730 3089 3119 3153 Batavorum

675 3244 857 3323 grato
916 3237 1190 3322 hospitio
1235 3236 1579 3321 accepisti,
1624 3236 1716 3299 ita
1758 3240 1834 3298 ut
1893 3235 2055 3299 domi
2102 3242 2249 3299 tuae
2295 3237 2643 3301 maximam
2685 3237 2875 3302 huius
2918 3212 3147 3302 libelli'

673 3391 922 3471 partem
992 3382 1507 3468 conscripserim,
1574 3381 1691 3445 tibi
1735 3381 1856 3445 hoc
1904 3383 2278 3467 opusculum
2324 3404 2572 3447 sacrum
2617 3405 2755 3448 esse
2801 3385 2989 3468 volo,
3036 3405 3118 3448 ne

671 3533 979 3597 memoria
1023 3538 1274 3595 nostrae
1321 3530 1797 3595 consuetudinis
1844 3530 2269 3594 oblitteretur.

715 3742 724 3752 ,
759 3681 896 3745 Vos
942 3700 1161 3744 omnes
1207 3678 1448 3742 credite
1494 3699 1596 3742 me
1643 3699 1894 3763 semper
1941 3700 2103 3765 quae
2149 3701 2188 3743 a
2236 3678 2417 3743 vobis
2460 3679 2629 3744 bona
2673 3678 2888 3744 audivi
2936 3686 3119 3765 grata

671 3827 979 3892 memoria
1021 3824 1493 3889 reconditurum
1538 3845 1694 3888 esse.

755 3974 973 4061 Atque
1039 3994 1187 4056 vos,
1256 3974 1442 4039 amici
1503 3994 1756 4056 omnes,
1820 3972 2198 4060 quibuscum
2244 3973 2436 4037 variis
2482 3974 2797 4039 amicitiae
2847 3974 3116 4039 vinculis

672 4123 1047 4189 coniunctus
1091 4142 1267 4186 eram
1291 4172 1308 4205 ,
1354 4122 1587 4187 valete.
