3529 5359
1723 347 1809 409 54

549 573 806 640 quoque
851 573 1072 617 eorum
1115 550 1312 616 animi
1357 549 1722 616 continente
1739 599 1758 632 ,
1804 549 2031 614 crescit
2075 549 2324 612 animus
2367 547 2626 634 quidam
2652 595 2669 630 ‚
2735 546 2995 632 plantae

549 671 807 753 similis,
880 670 991 756 qui
1037 668 1268 733 deinde
1294 718 1310 750 ‚
1379 673 1569 753 partu
1609 666 1783 731 facto
1803 717 1819 750 ,
1893 667 2061 731 aeris
2124 667 2191 730 vi
2259 671 2546 729 mutatur
2588 665 2657 728 in
2700 662 2993 729 animalis

545 789 831 854 animum
869 793 932 865 ¹).

633 903 913 990 Utrique
959 901 1264 987 Epicurei
1309 905 1375 964 et
1419 898 1618 964 Stoici
1663 899 2033 963 statuebant
2078 898 2206 964 ὰπὸ
2234 904 2351 964 τοῦ
2382 899 2675 978 σώματος
2706 896 2865 962 ὅλου
2895 900 2993 961 καὶ

547 1030 661 1096 τῆς
703 1013 920 1105 ψυχῆςῖ
965 1021 1258 1104 φέρεσθαι
1301 1018 1378 1080 τὰ
1426 1019 1742 1101 σπέρματα
1791 1014 1983 1096 (Plut.
2039 1014 2201 1099 plac.
2248 1013 2332 1076 V.
2372 1013 2553 1100 Epic.
2590 1019 2625 1074 3
2660 1011 2858 1077 Stoici
2892 1012 2995 1092 11)

549 1159 675 1223 quo
700 1136 897 1201 Stoici
919 1135 1266 1198 liberorum
1291 1133 1774 1197 similitudinem
1798 1153 1945 1196 cum
1973 1131 2347 1217 parentibus
2376 1130 2786 1215 explicabant
2808 1129 2992 1214 (plac.

548 1253 634 1318 V.
687 1254 816 1336 11).
905 1252 1105 1317 Stoici
1169 1257 1385 1315 autem
1450 1250 1773 1335 negabant
1834 1249 2075 1313 foetum
2140 1249 2271 1312 iam
2339 1248 2575 1312 animal
2636 1267 2775 1311 esse
2801 1297 2817 1329 ‚
2884 1245 2998 1310 sed

549 1371 764 1457 potius
807 1375 880 1433 ut
917 1370 1201 1456 plantam
1234 1389 1380 1432 eum
1409 1370 1627 1432 vivere
1657 1373 1723 1432 et
1751 1388 2036 1432 crescere
2067 1366 2390 1431 dicebant:
2421 1370 2483 1431 οἱ
2516 1371 2779 1432 Στωϊκοὶ
2808 1370 3001 1452 μέρος

553 1487 707 1552 εἶναι
775 1487 928 1550 αὐτὸ
974 1486 1067 1567 (τὸ
1113 1483 1420 1570 ἔμβρυον)
1464 1495 1575 1560 τῆς
1620 1487 1945 1571 γαστρὸς,
2012 1487 2087 1549 οὗ
2135 1484 2306 1572 ζῷον
2339 1535 2351 1548 .
2422 1485 2629 1566 ὥσπερ
2676 1483 2801 1568 γὰρ
2844 1485 2997 1558 τοὺς

554 1606 834 1689 καρποὺς
897 1605 1048 1687 μέρη
1115 1604 1243 1666 τῶν
1310 1607 1524 1688 φυτῶν
1593 1603 1787 1678 ὄντας
1854 1606 2353 1682 πεπαινομένους
2420 1598 2761 1686 ἆποῤῥεῒν,
2833 1599 2998 1664 οὕτω

553 1725 652 1786 καὶ
710 1722 784 1784 τὸ
829 1717 1134 1806 ἔμβρυον.
1226 1718 1500 1802 Foetus,
1546 1719 1805 1804 plantae
1858 1739 1987 1782 non
2018 1718 2339 1783 dissimilis
2356 1769 2372 1801 ‚
2429 1717 2656 1782 deinde
2699 1723 2885 1803 partu
2928 1717 2999 1780 in

553 1837 764 1900 lucem
816 1835 1105 1921 proditus
1127 1885 1145 1919 ,
1215 1857 1429 1899 aerem
1472 1837 1785 1921 inspirare
1830 1837 2041 1922 coepit
2066 1886 2083 1919 ‚
2131 1858 2257 1923 quo
2302 1836 2560 1899 demum
2603 1835 2676 1898 fit
2718 1805 2997 1916 anima13

553 1959 840 2018 mutatur
897 1973 1052 2038 ergo
1113 1974 1150 2016 e
1195 1953 1453 2039 plantae
1497 1959 1726 2018 natura
1769 1954 1837 2016 in
1881 1954 2173 2017 animalis
2218 1959 2529 2019 naturam.
2621 1953 2811 2016 Hanc
2856 1951 3000 2016 doc·

555 2071 791 2134 trinam
857 2070 938 2135 ab
1004 2067 1363 2156 Herophilo
1430 2070 1692 2156 Epicuri
1757 2071 1891 2135 fere
1961 2071 2254 2156 aequali,
2324 2072 2433 2157 qui
2499 2076 2652 2135 tunc
2694 2070 3001 2156 temporis

555 2187 1010 2252 celeberrimus
1040 2192 1178 2251 erat
1205 2187 1491 2252 medicus
1521 2193 1588 2251 et
1619 2188 2015 2252 anatomicus
2032 2237 2048 2270 ,
2083 2189 2423 2274 sumpsisse
2452 2187 2753 2251 videntur
2782 2186 2997 2252 Stoici.

556 2306 772 2370 Huius
840 2305 1205 2390 opinionem
1265 2305 1438 2370 Plac.
1502 2304 1585 2369 V.
1653 2308 1763 2388 15,
1834 2304 2223 2370 Plutarchus
2281 2307 2370 2370 sic
2437 2306 2772 2391 exprimit:
2818 2304 3002 2390 Ἡρό·

559 2422 752 2509 φιλος
811 2427 1053 2498 κίνησιν
1112 2422 1440 2488 ἀπολείπει
1507 2425 1775 2508 φυσικὴν
1830 2431 1968 2500 τοῖς
2017 2421 2357 2508 ἐμβρύοις,
2422 2425 2499 2488 οὗ
2546 2426 2958 2504 πνευματικήν
2984 2471 2998 2486 .

555 2551 670 2616 τῆς
733 2537 798 2606 δὲ
858 2543 1159 2615 κινήσεως
1225 2540 1386 2605 αἴτια
1447 2547 1632 2625 νεῦρα
1662 2589 1676 2604 .
1740 2542 1880 2606 τότε
1927 2537 1991 2606 δὲ
2038 2540 2170 2616 ζῶα
2216 2545 2509 2626 γίνεσθαι
2556 2540 2712 2606 ὅταν
2755 2567 3003 2626 προχυ-

555 2659 746 2723 θέντα
792 2654 1148 2743 προσλάβῃ
1191 2685 1248 2722 τι
1291 2663 1404 2723 τοῦ
1450 2657 1654 2742 ἀέρος.
1720 2657 2088 2722 Secundum
2133 2656 2250 2722 hos
2280 2657 2483 2743 igitur
2515 2658 2768 2723 animus
2794 2661 3001 2721 muta-

557 2776 733 2839 tione
803 2774 1076 2861 quadam
1135 2794 1172 2838 e
1231 2796 1360 2839 non
1404 2774 1620 2838 sensili
1665 2776 1884 2840 oritur.
1974 2776 2251 2840 Brevem
2295 2776 2585 2840 invenies
2627 2774 2792 2840 hanc
2838 2775 3003 2840 Stoi-

559 2914 780 2959 corum
849 2892 1214 2978 opinionem
1280 2891 1348 2954 in
1406 2892 1579 2955 Plut.
1643 2892 1722 2956 de
1784 2893 1977 2957 Stoic.
2024 2914 2292 2979 repugn.
2340 2896 2459 2957 41:
2525 2895 2599 2959 τὸ
2642 2891 2891 2980 βρέφος
2934 2896 3003 2960 ἐν

559 3014 638 3097 τῇ
680 3012 908 3095 γαστρὶ
955 3010 1136 3093 φύσει
1181 3010 1546 3093 τρέφεσθαι,
1595 3008 1863 3091 νομίζει,
1911 3011 2188 3095 καθάπερ
2236 3014 2439 3095 φῦτον
2459 3057 2479 3091 ,
2523 3012 2678 3074 ὅταν
2710 3006 2773 3075 δὲ
2803 3012 3006 3095 τεχθῇ

557 3128 970 3214 ψυχούμενον
1012 3126 1139 3190 ὑπὸ
1182 3131 1298 3191 τοῦ
1343 3126 1531 3211 ἆέρος
1577 3131 1673 3192 καὶ
1721 3130 2155 3210 στομούμενον
2200 3130 2273 3192 τὸ
2306 3134 2544 3209 πνεῦμα
2574 3124 3005 3212 μεταβάλλειν

562 3246 659 3308 καὶ
703 3245 996 3327 ’γίνεσθαι
1040 3240 1231 3327 ζῷον.

653 3358 890 3423 Contra
956 3357 1126 3422 hunc
1193 3364 1447 3443 partum
1516 3365 1582 3423 et
1647 3358 1813 3423 hanc
1878 3360 2373 3424 mutabilitatem
2430 3360 2627 3425 animi
2670 3360 3007 3425 Lucretius

561 3476 748 3541 affert
790 3477 1098 3540 nonnulla
1139 3483 1552 3561 argumenta,
1617 3498 1780 3564 quae
1826 3483 2042 3543 tamen
2086 3478 2272 3543 valde
2317 3479 2550 3543 vitiosa
2592 3479 2894 3563 leguntur
2936 3478 3008 3541 in

563 3593 742 3659 codd.
814 3614 905 3657 vs.
971 3595 1090 3657 931
1141 3613 1312 3680 seqq.
1402 3594 1642 3659 Dicunt
1709 3596 2056 3660 adversarii
2116 3596 2399 3660 animum
2444 3602 2766 3682 tamquam
2800 3602 3009 3680 partu

564 3710 839 3797 quodam
885 3711 1019 3775 sive
1062 3711 1480 3775 mutabilitate
1522 3712 1659 3776 fieri
1703 3720 1844 3777 tum
1889 3734 2035 3777 cum
2066 3714 2135 3777 in
2164 3714 2424 3777 luminis
2446 3734 2585 3777 oras
2614 3713 3009 3799 protruditur

567 3830 746 3912 (ergo
792 3849 884 3892 vs.
935 3829 1058 3892 933
1103 3828 1447 3912 legendum
1492 3836 1628 3913 est,
1682 3852 1870 3915 quom
1901 3830 2210 3914 proditur
2240 3833 2467 3914 extra).
2528 3830 2652 3895 His
2681 3831 2838 3916 ipsis
2866 3850 3007 3893 ver-

564 3946 665 4010 bis
708 3950 900 4031 poeta
937 3945 1140 4009 utitur
1181 3952 1256 4010 ut
1301 3967 1408 4010 eos
1453 3947 1720 4011 refellat.
1812 3947 1882 4011 Si
1940 3947 2019 4011 de
2062 3953 2254 4032 partu
2298 3952 2397 4011 est
2439 3968 2646 4011 sermo
2670 3996 2687 4031 ‚
2746 3968 3007 4013 necesse

566 4068 664 4127 est
730 4068 945 4148 partes
1005 4063 1140 4127 eius
1158 4113 1174 4145 ‚
1222 4063 1390 4149 quod
1459 4064 1706 4148 paritur
1729 4113 1778 4155 ‚·
1815 4063 1942 4127 iam
2011 4064 2139 4127 sint
2206 4070 2629 4149 congregatae
2674 4071 2822 4129 ante
2866 4086 3008 4151 par-

566 4185 746 4243 tum:
793 4179 1076 4265 alioquin
1121 4180 1274 4266 quid
1317 4180 1604 4265 parietur
1625 4181 1655 4243 Ρ
1719 4180 2117 4261 (Tenendum
2163 4187 2259 4245 est
2304 4188 2558 4267 poetam
2604 4203 2784 4245 suam
2830 4182 3007 4268 sequi

567 4296 919 4371 doctrinam
941 4347 957 4380 ,
1005 4318 1169 4384 quae
1215 4296 1428 4360 omnia
1447 4346 1463 4379 ,
1511 4297 1796 4360 animum
1838 4318 2088 4383 quoque
2119 4318 2205 4361 ex
2233 4298 2460 4361 atomis
2490 4299 2839 4384 composita
2868 4318 3006 4363 esse

564 4415 744 4499 vult).
858 4414 945 4478 Et
1018 4414 1170 4501 quid
1233 4414 1468 4479 mutari
1534 4420 1744 4501 potest
1806 4415 1930 4479 nisi
1997 4420 2187 4479 antea
2253 4423 2344 4479 est
2364 4415 2399 4478 .2
2513 4415 2754 4479 Dicunt
2820 4422 3008 4504 partu

630 4679 671 4746 1)
741 4678 931 4741 zeuer,
968 4676 1071 4727 111.
1113 4678 1220 4726 181.
