3529 5359
1835 389 1917 451 96

646 591 766 656 hoc
832 591 1155 655 criterium
1200 591 1526 676 posuisse,
1603 611 1988 676 quamquam
2033 613 2159 654 non
2204 596 2453 655 constat
2498 611 2643 654 eum
2688 591 2755 654 in
2800 591 3093 655 omnibus

647 710 776 774 suis
821 709 1069 794 scriptis
1113 729 1364 793 semper
1426 707 1546 772 sibi
1593 709 1972 772 constitisse.

738 825 883 911 Ipse
949 830 1139 910 poeta
1205 825 1403 888 sensit
1471 825 1706 888 multas
1774 826 1981 888 inesse
2045 823 2446 888 difficultates
2506 823 2574 887 111
2618 822 2737 887 hac
2783 822 3089 887 doctrina.

650 944 885 1010 Docuit
952 965 1102 1008 sane
1157 964 1264 1007 eas
1307 944 1654 1028 imagineS,
1721 965 1886 1030 quae
1931 944 1998 1007 in
2041 949 2323 1007 mentem
2368 949 2708 1028 penetrant
2751 943 2951 1007 multo
2995 948 3091 1007 te-

652 1061 905 1124 nuiores
980 1080 1116 1123 esse
1177 1080 1366 1144 quam
1425 1059 1603 1143 illas,
1682 1081 1845 1145 quae
1914 1081 2133 1124 sensus
2200 1059 2482 1124 afficiunt
2514 1065 2589 1142 ¹),
2667 1065 2732 1123 et
2796 1059 3095 1145 probavit

651 1179 934 1243 animum
979 1199 1179 1263 aeque
1225 1183 1415 1263 atque
1461 1200 1684 1242 sensus
1726 1178 2079 1243 simulacris
2123 1180 2406 1261 moveri,
2469 1178 2769 1263 quoniam
2832 1183 3091 1263 „quate-

651 1318 769 1360 nus
812 1296 933 1360 hoc
979 1295 1182 1358 simile
1230 1301 1325 1358 est
1369 1295 1505 1378 illi,
1578 1294 1747 1380 quod
1790 1301 2005 1359 mente
2050 1279 2343 1359 videmus·
2383 1300 2573 1381 atque
2619 1295 2849 1378 oculiS,
2896 1295 3092 1358 simili

648 1413 896 1477 ratione
943 1411 1080 1476 fieri
1126 1432 1384 1475 necesse
1446 1413 1582 1475 est”
1609 1410 1660 1495 2)
1683 1461 1699 1494 ,
1770 1411 1881 1475 sed
1924 1417 2141 1475 tamen
2192 1412 2596 1498 „multa(que)
2643 1411 2710 1475 in
2754 1410 2853 1474 his
2897 1412 3091 1476 rebus

649 1535 1044 1616 quaeruntur
1069 1579 1085 1612 ,
1153 1530 1478 1614 multaque
1524 1529 1706 1593 nobis
1751 1528 2219 1611 clarandumst,
2277 1530 2465 1615 plane
2511 1529 2562 1592 si
2608 1550 2710 1592 res
2756 1550 3085 1615 exponere

645 1647 951 1712 avemus”
975 1643 1042 1730 ³).
1134 1646 1461 1720 Quomodo
1506 1646 1578 1709 fit
1622 1651 1697 1710 ut
1738 1645 1929 1709 homo
1974 1647 2255 1730 cogitare
2301 1646 2533 1731 possit,
2581 1646 3087 1732 quibuscumque

646 1764 723 1828 (10
766 1765 981 1828 'rebus
1047 1763 1258 1827 velit?
1348 1763 1441 1828 Ut
1509 1763 1618 1827 alii
1686 1763 1910 1827 eodem
1971 1763 2110 1828 1000
2181 1763 2528 1848 eodemque
2597 1769 2881 1849 tempore
2927 1763 3087 1826 alias

644 1881 923 1946 habeant
990 1881 1454 1965 cogitationes?
1544 1880 1637 1944 Ut
1703 1881 2018 1964 imagines
2071 1881 2140 1944 in
2184 1900 2521 1944 numerum
2565 1879 2906 1966 procedere
2953 1900 3090 1944 cer-

647 2020 873 2063 namus
917 1999 985 2062 in
1030 1997 1264 2088 somnis
1309 2003 1372 2062 et
1415 1997 1634 2062 mollia
1676 1997 1963 2062 membra
2004 1999 2308 2061 movere?

743 2115 1040 2198 „Scilicet
1065 2164 1081 2197 ,
1146 2120 1282 2178 arte
1342 2113 1601 2178 madent
1647 2099 1984 2179 simulacra
2029 2119 2093 2177 et
2140 2112 2324 2176 docta
2361 2118 2710 2196 vagantur,
2778 2117 3090 2176 nocturno

639 2233 848 2297 facere
905 2237 977 2295 ut
1022 2231 1266 2316 possint
1309 2231 1376 2294 in
1421 2237 1707 2316 tempore
1754 2231 1956 2295 ludoS.
2046 2231 2154 2295 An
2202 2231 2406 2315 magis
2448 2230 2610 2294 illud
2654 2231 2775 2294 erit
2818 2232 3091 2294 verum?

643 2349 793 2436 quia
856 2355 1140 2434 tempore
1216 2349 1282 2411 in
1346 2370 1475 2412 11110
1541 2348 1710 2434 quod
1771 2348 2111 2432 sentimus,
2157 2348 2224 2411 id
2270 2354 2366 2412 est
2411 2368 2557 2412 cum
2601 2369 2731 2411 vox
2775 2347 3093 2412 emittitur

642 2486 813 2546 una,
864 2470 1155 2549 tempora
1198 2463 1400 2527 multa
1444 2464 1680 2546 latent,
1741 2465 1903 2529 ratio
1949 2487 2113 2550 quae
2159 2465 2466 2550 comperit
2512 2484 2691 2546 esse,
2752 2470 3093 2550 propterea

645 2583 717 2646 fit
781 2584 877 2647 uti
927 2583 1149 2668 quovis
1193 2583 1260 2645 in
1305 2589 1591 2666 tempore
1638 2604 1926 2668 quaeque
1972 2589 2225 2669 praesto
2274 2583 2400 2646 sint
2444 2583 2778 2646 simulacra
2819 2583 2975 2646 locis
3017 2583 3093 2646 in

647 2701 912 2787 quisque
963 2701 1231 2786 parata”
1255 2698 1325 2778 4).

739 2816 992 2881 Deinde
1063 2816 1311 2880 animus
1379 2838 1446 2881 se
1506 2816 1840 2880 intendere
1902 2816 2092 2881 debet
2145 2823 2217 2880 ut
2261 2816 2477 2881 videat
2521 2816 2867 2900 imagines,
2936 2838 3089 2881 nam

649 2936 952 3022 quoniam
1019 2941 1244 2999 tenues
1303 2941 1448 2998 sunt
1514 2934 1954 3020 praeteribunt
2014 2956 2131 2999 nec
2197 2934 2584 2998 videbuntur
2634 2934 2757 2998 nisi
2804 2935 3090 2999 animum

648 3053 941 3118 advertas
1030 3052 1197 3138 quod
1278 3051 1449 3119 idem
1545 3052 1649 3133 „in
1739 3051 1929 3115 rebus
2019 3051 2295 3136 apertis’'
2382 3050 2453 3115 fit
2519 3073 2637 3116 nec
2705 3058 2842 3115 tum
2889 3052 3080 3117 mira-

651 3192 794 3235 mur
823 3167 887 3254 5).
999 3170 1137 3233 Has
1227 3168 1627 3233 difficultates
1709 3169 1923 3252 attigit
1994 3174 2186 3253 poeta
2258 3174 2508 3232 tantum
2582 3189 2789 3253 neque
2865 3190 3087 3235 omnes

653 3272 860 3336 solvit.
950 3271 1043 3335 Ut
1111 3272 1461 3355 imaginum
1521 3272 1589 3337 in
1656 3292 1990 3335 numerum
2050 3274 2259 3334 motus
2320 3270 2673 3355 explicaret
2723 3270 2852 3334 iam
2897 3276 3091 3335 antea

648 3411 742 3455 vs.
812 3392 934 3471 775
991 3389 1238 3453 monuit
1293 3390 1362 3453 in
1428 3410 1554 3453 uno
1617 3389 1899 3453 sensibili
1944 3394 2231 3472 tempore
2275 3388 2459 3473 plura
2503 3387 2710 3451 inesse
2758 3394 3046 3474 tempora
3069 3438 3086 3469 ,

652 3528 814 3593 quae
882 3506 1128 3571 ratione
1187 3511 1436 3569 tantum
1504 3510 1985 3589 cognoscantur.
2074 3503 2255 3568 Idem
2323 3504 2619 3589 opinatur
2676 3504 2939 3569 fortasse
3000 3504 3085 3568 de

649 3623 1037 3709 imaginibus
1106 3622 1229 3687 dici
1295 3642 1498 3708 posse.
1592 3622 1670 3685 In
1741 3621 1965 3708 quovis
2032 3618 2312 3685 sensibili
2380 3628 2665 3708 tempore
2725 3642 2917 3686 unam
2964 3620 3089 3685 dis-

720 3973 755 4032 1)
822 3971 909 4023 Vs.
947 3972 1039 4024 728
1057 4007 1072 4032 ,
1107 3972 1183 4019 29.

718 4068 755 4127 ²)
822 4067 908 4117 Vs.
947 4067 1039 4120 750
1076 4064 1248 4115 Simile
1280 4068 1357 4115 est
1387 4067 1734 4128 argumentum
1766 4069 1917 4130 atque
1948 4080 2023 4115 vs.
2060 4066 2168 4113 230.

718 4163 754 4221 ³)
821 4161 907 4213 Vs.
943 4160 1051 4214 777.

717 4256 756 4315 ⁴)
825 4256 1094 4309 792—801.
1150 4252 1353 4303 Lachm.
1377 4268 1451 4303 vs.
1479 4254 1572 4301 896
1595 4256 1710 4303 ante
1735 4254 1826 4305 783
1850 4252 1991 4317 ponit
2008 4288 2022 4314 ‚
2056 4250 2146 4301 ubi
2166 4255 2471 4301 consentimus
2490 4268 2591 4302 non
2613 4251 2777 4302 minus
2799 4251 3087 4315 impeditam

654 4348 1068 4401 constructionem
1100 4346 1274 4397 reddit.
1341 4347 1612 4411 „Tempore
1644 4346 1699 4396 in
1720 4364 1823 4397 11110
1858 4347 1958 4411 (vel
1979 4364 1991 4396 τ
2029 4346 2130 4411 illo)
2155 4347 2286 4411 quod
2306 4346 2577 4396 sentimus’'
2604 4345 2989 4409 circumscriptio
3010 4350 3089 4396 est

653 4441 888 4509 Epicurei
936 4443 991 4492 ἐν
1044 4441 1271 4504 αἰσθητῷ·
1321 4441 1508 4505 χρόνῳ.
1554 4441 1620 4490 D.
1669 4441 1727 4491 L.
1780 4442 1847 4490 X.
1884 4442 1970 4501 47,
2023 4444 2073 4491 et
2121 4439 2384 4503 opponitur
2427 4440 2759 4503 „temporibus
2796 4440 2921 4490 ratio
2959 4455 3087 4505 quae

653 4538 890 4602 comperit
921 4535 1058 4586 esse”
1096 4554 1154 4580 =
1190 4534 1270 4584 διὰ
1303 4537 1458 4600 λόγου
1492 4538 1767 4600 θεωρητοῒς
1798 4541 2015 4601 χρόνοις.

718 4632 756 4691 ⁵)
823 4630 1005 4680 Merito
1047 4628 1393 4679 Lachmannus
1448 4628 1538 4679 hos
1591 4644 1764 4680 versus
1821 4630 2074 4683 777-817
2123 4629 2265 4680 uncis
2314 4628 2518 4681 inclusit
2564 4634 2816 4696 tamquam
2849 4634 3018 4694 postea
3056 4644 3087 4679 a

653 4730 796 4789 poeta
818 4723 1024 4773 additos.
1095 4721 1170 4771 Cf.
1206 4721 1406 4786 Brieger
1440 4721 1620 4772 Philol.
1655 4721 1904 4773 XXXIII
1924 4760 1937 4784 ,
1974 4726 2083 4773 439.
