3529 5359
1872 384 1993 446 154

709 589 850 655 ταῒς
919 577 1224 666 ἐκβολαῖς
1291 589 1404 647 τοῦ
1468 587 1755 666 ποταμοῦ
1818 584 2081 649 κωλύειν
2148 588 2234 660 εἷς
2280 584 2609 650 θάλατταν
2652 588 3033 670 προχεῖσθαι
3076 586 3145 650 τὸ

705 695 936 781 ῥεῦμα,
984 703 1080 762 καὶ
1128 695 1227 764 διὰ
1273 700 1440 764 τοῦτ’
1485 701 1679 765 αὐτὸν
1725 699 2172 784 πληρούμενον
2218 699 2568 775 ἐπικλύζειν
2612 706 2908 777 ταπεινὴν
2952 702 3145 767 οὖσαν

708 817 804 878 καὶ
837 811 1090 880 πεδιάδα
1121 817 1238 891 τὴν
1276 816 1598 901 Αἴγυπτον
1630 817 1844 899 (Diod.
1879 817 2003 881 Sic.
2038 818 2087 881 Ι.
2123 839 2260 903 cap.
2295 819 2397 880 38.
2433 819 2519 900 2).
2557 817 2850 882 Secunda
2874 819 3145 904 explica-

707 929 799 993 tio
831 929 980 994 huic
1012 932 1333 996 simillima
1355 939 1473 1014 est,
1514 934 1682 1018 quod
1713 933 1991 998 harenae
2010 985 2026 1016 ,
2057 936 2217 998 mari
2247 935 2542 1020 procellis
2572 941 2859 1020 permoto
2884 936 3145 1000 collatae

711 1052 778 1110 et
825 1049 1184 1112 cumulatae
1229 1050 1296 1112 in
1325 1051 1603 1113 fluminis
1634 1051 1847 1132 ostiiS,
1891 1052 2104 1114 minus
2132 1051 2407 1114 liberum
2438 1051 2672 1115 faciant
2702 1052 2951 1115 exitum
2980 1053 3147 1115 amni

707 1166 826 1248 (vs.
864 1167 1208 1249 724—28).
1257 1168 1435 1242 Quae
1466 1175 1656 1253 poeta
1685 1174 1911 1254 quarto
1940 1169 2081 1232 loco
2111 1169 2387 1253 profert:
2426 1169 2725 1250 „forsitan
2758 1169 3148 1254 Aethiopum

707 1282 964 1366 penitus
1011 1283 1090 1347 de
1133 1285 1455 1348 montibus
1501 1285 1646 1347 altis
1692 1291 1933 1348 crescat
1956 1333 1973 1366 ,
2019 1285 2131 1348 ubi
2176 1286 2243 1348 in
2274 1307 2529 1370 campos
2560 1286 2735 1348 albas
2768 1286 3147 1350 descendere

706 1399 980 1483 ningues
1049 1375 1318 1466 tabificis
1378 1401 1616 1485 subigit
1661 1401 1855 1465 radiis
1900 1402 1994 1464 sol
2040 1401 2253 1464 omnia
2295 1401 2614 1464 lustrans”
2665 1405 2777 1483 (vs,
2830 1403 3147 1478 735—37)

705 1523 854 1580 sunt
897 1517 1368 1602 Anaxagorae:
1417 1519 1861 1606 Ἀναξαγόρας
1908 1517 2009 1584 δ’ὁ
2056 1521 2318 1604 φυσικὸς
2364 1520 2726 1603 ἀπεφήνατο
2765 1530 2876 1594 τῆς
2906 1517 3148 1605 ἆναβά-

705 1660 864 1708 σεως
929 1637 1130 1699 αἰτίαν
1177 1634 1328 1700 εἶναι
1372 1637 1488 1710 τὴν
1533 1639 1877 1715 τηκομένην
1926 1636 2112 1720 χιόνα
2160 1636 2311 1700 κατὰ
2358 1637 2473 1710 τὴν
2525 1639 2899 1716 Αἰθιοπίαν,
2962 1632 3010 1720 ᾧ
3054 1639 3147 1700 καὶ

709 1753 746 1814 ὁ
791 1753 1056 1827 ποιητὴς
1104 1748 1448 1836 Εὐριπίδης
1491 1754 1775 1832 μαθητὴς
1823 1752 1912 1817 ὢν
1958 1750 2352 1827 ἠκολούθηκε
2401 1772 2414 1786 ·
2463 1751 2632 1837 λεγει
2674 1757 2839 1835 γοῦν

1057 1869 1291 1934 Νείλου
1335 1868 1543 1934 λιπὼν
1589 1869 1941 1935 κάλλιστον
1987 1872 2050 1934 ἐκ
2094 1873 2285 1953 γαίας
2333 1866 2538 1954 ὕδωρ,

1057 1988 1132 2065 ὃς
1177 1990 1240 2052 ἐκ
1282 1985 1758 2072 μελαμβρότοιο
1802 1986 2152 2071 πληροῦται
2198 1984 2361 2071 ῥοὰς

1055 2103 1432 2180 Αἰθιοπίδος
1477 2114 1636 2189 γῆς,
1706 2105 1865 2179 ἡνίκ’
1910 2103 1991 2168 ἂν
2036 2109 2189 2189 τακῇ
2237 2104 2396 2189 χιών
2444 2102 2658 2185 (Diod.
2730 2103 2762 2166 Ι
2789 2152 2805 2185 ,
2853 2103 2934 2166 38
2963 2150 2980 2183 ,
3026 2105 3107 2183 4).

799 2219 1204 2284 Democritus
1247 2220 1412 2284 hanc
1460 2221 1825 2306 opinionem
1868 2221 2144 2302 refellit,
2202 2226 2435 2304 putans
2479 2221 2807 2306 aquilones
2850 2219 3071 2283 nubila
3112 2239 3147 2281 e

716 2339 1148 2424 septentrione
1213 2339 1548 2402 meridiem
1613 2359 1837 2402 versus
1902 2338 2258 2422 propellere
2304 2358 2504 2424 usque
2552 2338 2702 2400 dum
2748 2338 2860 2400 alti
2904 2343 3148 2401 montes

709 2456 779 2520 in
845 2455 1194 2542 Aethiopia
1239 2457 1343 2520 siti
1412 2477 1488 2519 ea
1553 2457 1914 2538 retineant,
1982 2477 2107 2541 quo
2152 2456 2263 2519 fiat
2308 2462 2379 2519 ut
2422 2455 2581 2520 haec
2628 2463 2801 2519 terra
2842 2456 3148 2519 imbribus

707 2573 1072 2658 operiatur,
1145 2573 1254 2659 qui
1327 2573 1550 2636 Nilum
1623 2573 1928 2636 nutriant.
2053 2574 2447 2658 Δημόκριτος
2516 2570 2578 2638 δὲ
2654 2579 2687 2639 ὁ
2758 2571 3147 2659 Ἀβδηρίτης

707 2695 898 2776 φησὶν
959 2691 1034 2755 οὐ
1094 2692 1208 2756 τὸν
1267 2695 1406 2776 περὶ
1473 2694 1589 2767 τὴν
1647 2688 2048 2775 μεσημβρίαν
2108 2691 2310 2755 τόπον
2370 2690 2804 2775 χιονίζεσθαι,
2870 2692 3143 2775 καθάπερ

709 2808 942 2892 εἴρηκεν
1029 2806 1376 2894 Εὐριπίδης
1445 2814 1541 2874 καὶ
1619 2808 2099 2895 Ἀναξαγόρας,
2187 2814 2283 2874 καὶ
2372 2816 2560 2873 τοῦτο
2652 2811 2916 2893 ἐμφανὲς
2998 2810 3147 2875 εἶναι

706 2931 860 2991 πᾶσι
933 2955 987 2991 κ.
1062 2955 1116 2990 τ.
1163 2929 1209 2990 ἑ.
1255 2925 1421 2989 Diod
1466 2925 1517 2989 I.
1565 2927 1646 2989 39
1711 2924 1817 3007 (cf.
1880 2946 1971 2987 vs.
2031 2926 2281 2989 729-7
2291 2927 2416 3001 34).
2464 2924 2795 3011 Temporis
2863 2926 2917 2989 si
2960 2926 3144 2991 ratio-

705 3063 855 3106 nem
914 3041 1280 3124 habuisset,
1342 3041 1506 3107 hanc
1538 3091 1555 3124 ,
1601 3064 1794 3128 quam
1840 3042 2029 3107 tertio
2073 3042 2211 3106 loco
2261 3043 2609 3128 proponit,
2656 3043 3143 3127 explicationem

706 3166 1094 3244 postremam
1170 3160 1445 3223 scribere
1519 3159 1827 3224 debuerat
1895 3165 2086 3245 poeta
2110 3208 2127 3241 ,
2203 3159 2371 3244 quod
2446 3181 2591 3223 cum
2665 3181 2793 3223 non
2890 3160 3139 3242 fecerit,

706 3277 964 3341 credere
1027 3278 1178 3342 licet
1244 3298 1392 3341 eum
1458 3277 1785 3362 Euripidis
1850 3275 2229 3340 auctoritate
2297 3276 2641 3340 adductum
2686 3298 2823 3341 esse
2848 3326 2865 3359 ,
2925 3283 2996 3341 ut
3039 3299 3140 3362 po-

704 3393 1020 3458 tissimum
1086 3394 1235 3459 huic
1308 3394 1734 3478 Anaxagorae
1811 3394 2094 3478 opinioni
2167 3394 2600 3457 assentiretur.
2692 3394 2862 3457 Eum
2938 3394 3138 3479 ipsum

706 3510 870 3574 nihil
938 3512 1020 3575 ad
1085 3512 1373 3595 magistri
1418 3512 1776 3596 expositam
1823 3511 2174 3575 doctrinam
2219 3511 2577 3593 addidisse,
2644 3511 2794 3575 inde
2839 3517 3137 3597 apparet,

705 3628 873 3713 quod
918 3649 1136 3692 eorum
1181 3634 1430 3692 tantum
1486 3628 1805 3691 doctrinas
1859 3627 2192 3712 descripsit
2218 3676 2234 3709 ,
2282 3627 2391 3712 qui
2421 3626 2699 3711 Epicuro
2732 3634 2942 3691 aetate
2966 3647 3139 3712 supe-

705 3746 902 3809 riores
948 3753 1130 3810 erant
1176 3753 1240 3811 et
1285 3752 1557 3827 ceteros,
1607 3746 1711 3830 qui
1763 3746 1956 3808 etiam
2004 3745 2080 3808 de
2126 3744 2246 3808 hoc
2290 3746 2428 3809 loco
2474 3754 2739 3828 egerant
2784 3751 2847 3809 et
2882 3766 3139 3831 quorum

710 3864 948 3950 placita
976 3864 1295 3928 Diodorus
1340 3865 1390 3928 Ι.
1441 3866 1690 3928 39-41
1741 3863 1976 3944 refert,
2022 3884 2281 3947 prorsus
2326 3862 2633 3946 neglexit.

792 3982 1037 4046 Eodem
1082 3983 1393 4068 principio
1439 3982 1705 4063 ductuS,
1754 4003 1877 4067 quo
1922 3986 2111 4044 antea
2169 3980 2449 4043 diximus
2506 3981 2877 4044 Lucretium
2906 3986 3140 4043 motum

707 4122 881 4183 esse,
952 4107 1023 4164 ut
1091 4107 1266 4165 certa
1331 4100 1779 4185 phaenomena
1823 4099 2082 4163 uberius
2128 4099 2514 4184 explicaret,
2589 4098 2668 4161 de
2712 4099 2867 4163 locis
2892 4148 2908 4181 ,
2984 4118 3138 4184 quae

704 4217 967 4282 Averna
1023 4224 1210 4281 vocat
1232 4266 1250 4300 ,
1318 4217 1577 4281 uberius
1645 4216 1899 4279 disserit
1946 4217 2063 4298 (vs.
2116 4217 2149 4277 7
2156 4216 2505 4297 38—848).
2596 4215 2841 4289 Quibus
2884 4216 2952 4278 in
2995 4215 3139 4279 locis

704 4356 875 4399 mors
940 4356 1210 4419 regnare
1271 4334 1643 4417 videbatur3
1715 4333 1868 4397 deos
1914 4333 2146 4396 deasve
2192 4332 2282 4395 ibi
2326 4332 2594 4416 vigilare
2640 4333 2974 4418 quominus
3016 4334 3140 4397 ani-

705 4453 898 4518 malia
962 4454 1278 4517 intrarent
1325 4454 1673 4531 (753—54)
1703 4501 1719 4534 ,
1786 4452 1893 4515 vel
1935 4451 2281 4515 inferorum
2326 4450 2416 4513 ibi
2460 4456 2675 4536 portas
2721 4470 2858 4515 esse
2906 4457 2971 4515 et
3014 4451 3141 4515 ani-

703 4592 841 4635 mas
884 4570 1035 4635 hinc
1081 4593 1120 4634 a
1165 4571 1284 4635 diis
1328 4570 1722 4635 Acheruntis
1764 4570 1834 4633 in
1880 4590 2021 4633 oras
2066 4568 2254 4650 duci,
2301 4568 2589 4632 cecinere
2634 4574 2884 4653 poetae.
2983 4568 3141 4633 Cum

708 4708 863 4773 ergo
930 4688 1243 4752 eiusmodi
1301 4688 1596 4771 regiones
1656 4685 1987 4751 hominum
2048 4687 2293 4751 animos
2338 4691 2579 4750 terrore
2626 4691 2691 4751 et
2736 4706 2974 4770 angore
3016 4684 3143 4750 affi-
