3529 5359
1850 384 1934 446 50

669 587 1059 673 incorporeis
1103 586 1424 672 loquimur
1465 585 1532 649 id
1577 585 1917 671 opinamur
1936 635 1952 668 ,
2002 585 2171 672 quod
2216 605 2331 672 per
2378 606 2446 650 se
2490 590 2589 648 est
2633 583 3076 670 incorporeum
3101 634 3119 669 ,

671 704 839 792 quod
899 710 1084 768 extra
1127 725 1357 789 corpus⁴
1399 709 1464 767 et
1507 709 1764 788 praeter
1808 723 2081 766 vacuum
2128 708 2454 788 tamquam
2499 702 2691 766 tertia
2736 709 2967 766 natura
3008 723 3123 788 per

671 844 739 888 se
784 827 1015 887 exstat.
1105 822 1316 888 Ἀλλὰ
1359 824 1486 904 μὴν
1529 826 1628 886 καὶ
1675 818 1816 886 τόδε
1864 848 1935 905 ’γε
1983 817 2073 885 δεῖ
2115 829 2643 904 προςκατανοεῖυ,
2702 824 2796 886 ὅτι
2840 823 2912 886 τὸ
2958 821 3121 886 ἆσώ-

667 970 868 1024 ματον
923 940 1094 1026 λέγω
1151 941 1304 1006 κατὰ
1349 941 1466 1016 τὴν
1510 937 1818 1014 πλείστην
1864 936 2118 1019 ὁμιλίαν
2162 946 2273 1002 τοῦ
2323 940 2637 1020 ὀνόματος
2685 941 2779 1004 ἐπὶ
2826 946 2939 1005 τοῦ
2984 940 3122 1004 καθ’

669 1059 848 1124 ἑαυτὸ
896 1061 1240 1134 νοηθέντος
1286 1049 1391 1122 ἄν..
1448 1055 1536 1118 Et
1577 1060 1716 1118 tum
1760 1054 2007 1140 pergit:
2057 1055 2198 1121 oca-&⁹
2244 1057 2425 1120 ἑαυτὸ
2473 1053 2536 1121 δὲ
2582 1057 2697 1122 οὐκ
2742 1057 2869 1122 ἔστι
2902 1068 3123 1132 νοῆσαι

668 1177 742 1240 τὸ
802 1175 1136 1262 ἀσώματον
1205 1174 1379 1249 πλὴν
1436 1177 1530 1240 ἐπὶ
1579 1181 1692 1239 τοῦ
1739 1179 1921 1238 κενοῦ
1950 1221 1964 1236 .
2036 1174 2110 1237 τὸ
2158 1169 2221 1238 δὲ
2268 1175 2449 1238 κενὸν
2497 1171 2637 1239 οὔτε
2683 1185 2935 1250 ποιῆσαι
2982 1173 3123 1241 οὔτε

668 1295 894 1357 παθεῖν
952 1287 1246 1370 ὃΰυαται,
1315 1290 1487 1356 ἀλλὰ
1536 1295 1781 1366 κίνησιν
1826 1292 2030 1372 μόνον
2080 1287 2153 1355 δι’
2200 1292 2419 1354 ἑαυτοῦ
2465 1300 2601 1365 τοῖς
2650 1292 2891 1374 σώμασι
2935 1295 3121 1376 παρί-

671 1436 878 1494 χεται.
949 1408 1104 1474 ὥσθ’
1172 1411 1232 1472 οἱ
1301 1406 1600 1492 λέγοντες
1659 1407 1999 1489 ἀσώματον
2060 1406 2212 1471 εἶναι
2259 1409 2375 1482 τὴν
2418 1408 2641 1492 ψυχὴν
2682 1404 3120 1490 ματαΐζουσιν.

668 1523 851 1588 Η888
913 1530 1128 1588 autem
1197 1545 1427 1605 causa,
1495 1544 1686 1609 quam
1756 1523 2075 1608 Epicurus
2142 1521 2245 1585 hic
2312 1529 2656 1606 memorat,
2705 1523 2929 1586 eadem
2976 1531 3075 1588 est
3102 1573 3119 1607 ,

668 1663 859 1727 quam
905 1662 1124 1708 omnes
1170 1641 1230 1704 ei
1281 1647 1531 1704 veteres
1561 1638 1925 1726 philosophi
1952 1689 1968 1722 ‚
2016 1640 2125 1725 (1111
2158 1659 2383 1702 revera
2413 1661 2685 1703 vacuum
2716 1660 2854 1704 esse
2887 1646 3121 1704 statue-

667 1758 822 1822 bant
841 1808 857 1841 ,
884 1758 1253 1822 afferebant.
1281 1758 1470 1837 (Cum
1496 1759 1634 1821 loco
1667 1758 1926 1821 laudato
1974 1758 2053 1820 D.
2082 1758 2155 1820 L.
2201 1757 2286 1820 X.
2316 1760 2416 1820 67.
2465 1757 2542 1822 cf.
2590 1757 2790 1822 Arist.
2818 1758 3121 1844 physica,

666 1876 767 1940 IV
812 1877 1096 1962 passim).
1189 1876 1424 1940 Procul
1483 1875 1675 1939 dubio
1720 1875 2131 1939 intervallum
2176 1876 2342 1938 inter
2390 1896 2501 1958 ea,
2571 1896 2735 1961 quae
2779 1877 2974 1960 vulgo
3019 1897 3121 1940 res

669 1992 802 2056 sive
863 2013 1128 2078 corpora
1194 1992 1605 2056 nominantur
1629 2041 1645 2074 ‚
1722 1991 1892 2077 quod
1972 2012 2087 2055 nos
2172 1997 2237 2054 et
2304 1991 2618 2077 Epicurus
2678 2013 2929 2080 quoque
2973 2013 3121 2057 aere

665 2109 984 2194 repletum
1055 2109 1332 2190 scimus,
1395 2108 1666 2194 primam
1727 2108 2055 2171 notionem
2109 2107 2283 2171 dedit
2312 2109 2541 2192 vacui,
2595 2109 2893 2194 quoniam
2948 2110 3120 2174 vide-

665 2225 856 2289 batur
930 2225 997 2288 in
1062 2247 1136 2290 eo
1203 2224 1366 2288 nihil
1430 2245 1567 2289 esse
1637 2231 1704 2288 et
1788 2246 1903 2311 per
1980 2225 2153 2289 idem
2228 2245 2446 2289 omnes
2511 2247 2615 2290 res
2678 2228 3117 2292 movebantur.

665 2342 917 2407 Deinde
987 2365 1132 2407 cum
1199 2364 1276 2406 ea
1320 2343 1581 2406 notione
1627 2343 2013 2426 iungebatur
2058 2343 2259 2407 altera
2281 2392 2298 2427 ,
2366 2363 2597 2429 nempe
2642 2344 2808 2427 loci,
2863 2346 2976 2409 ubi
3018 2367 3120 2410 res

665 2466 833 2524 sunt.
930 2468 1123 2527 Δοκεῖ
1190 2458 1266 2536 δὴ
1332 2462 1405 2525 τὸ
1475 2461 1658 2526 κενὸν
1723 2464 1927 2540 τόπος
1995 2462 2147 2526 εἶναι
2194 2464 2259 2526 ἐν
2306 2459 2354 2546 ᾦ
2395 2459 2587 2544 μηδὲν
2632 2465 2800 2528 ἐστιν
2832 2512 2845 2526 .
2893 2466 3118 2528 τούτου

667 2575 922 2646 δἀἵτιον
972 2581 1066 2643 ὅτι
1113 2579 1186 2642 τὸ
1234 2579 1309 2642 ὂν
1357 2582 1534 2659 σῶμα
1581 2577 1821 2642 οἴονται
1867 2577 2020 2643 εἶναι
2043 2626 2061 2654 ,
2108 2583 2237 2643 vav
2285 2576 2348 2644 δὲ
2379 2585 2558 2661 σῶμα
2587 2583 2652 2644 ἐν
2682 2582 2889 2666 τόπῳ,
2938 2582 3119 2646 κενὸν

667 2692 788 2761 δ’ἐν
859 2693 907 2781 ᾧ
975 2698 1149 2781 τόπῳ
1207 2692 1398 2777 μηδέν
1443 2698 1569 2761 ἐστι
1617 2700 1833 2771 σῶμα,
1902 2698 2047 2761 ὥστ’
2095 2696 2145 2761 εἴ
2188 2724 2312 2762 που
2357 2701 2441 2778 μή
2486 2701 2612 2762 ἐστι
2658 2704 2870 2781 σῶμα,
2939 2700 3120 2763 κενὸν

667 2812 823 2877 εἶναι
890 2815 1161 2877 ἐνταῦθα
1223 2812 1446 2895 (Arist.
1515 2811 1700 2898 phys.
1768 2812 1887 2877 IV.
1963 2815 2044 2896 7).
2138 2814 2295 2877 Mox
2338 2819 2554 2878 autem
2600 2814 2758 2879 haec
2806 2815 2929 2879 duo
2974 2837 3119 2879 con-

664 2927 1134 3012 fundebantur3
1181 2929 1303 2992 etsi
1347 2934 1590 3011 τόπος,
1644 2930 1856 3010 „locus
1884 2980 1900 3012 ,
1947 2951 2047 2993 res
2091 2930 2159 2993 in
2205 2953 2327 3017 quo
2374 2952 2663 3018 quaeque
2704 2939 3039 2996 versantur
3058 2933 3117 3016 ,”

667 3067 894 3111 revera
963 3052 1095 3129 est,
1163 3067 1438 3110 vacuum
1497 3068 1653 3110 num
1721 3048 1845 3130 sit,
1915 3047 2121 3112 adhuc
2180 3048 2454 3113 dubitari
2498 3055 2729 3143 potest.
2821 3050 2949 3114 Sed
2992 3050 3119 3113 iam

670 3165 824 3229 satis
895 3164 972 3228 de
1039 3163 1157 3250 1118..
1249 3164 1512 3250 Epicuri
1582 3186 1827 3229 errores
1890 3165 2186 3230 refellere
2256 3188 2381 3231 non
2443 3167 2633 3231 nimis
2680 3174 2777 3231 est
2824 3167 3119 3250 difficile3

671 3280 784 3345 sed
831 3302 976 3344 cum
1024 3280 1101 3343 de
1145 3280 1224 3343 iis
1269 3279 1636 3344 notionibus
1661 3330 1677 3363 ‚
1725 3302 1888 3367 quae
1934 3281 2058 3345 huc
2090 3282 2462 3347 referendae
2495 3284 2662 3366 sint,
2712 3282 2789 3347 de
2821 3290 2907 3370 τῷ
2940 3303 3075 3347 8888
3102 3332 3119 3366 ,

672 3398 751 3463 de
814 3399 1011 3463 animi
1071 3399 1498 3482 conscientia,
1566 3420 1648 3463 ne
1695 3373 2008 3484 cogitasse
2053 3398 2311 3486 quidem
2354 3399 2689 3483 videatur,
2757 3401 2909 3465 satis
2955 3405 3122 3465 esset

669 3516 918 3579 inutile.
1028 3515 1211 3579 Idem
1278 3522 1458 3602 patet
1525 3517 1592 3579 in
1660 3517 1798 3581 loco
1824 3565 1840 3598 ,
1911 3538 2101 3603 quem
2168 3538 2337 3581 nunc
2404 3523 2767 3583 tractamus.
2858 3518 3124 3583 Frustra

672 3632 925 3718 quaeris
949 3682 968 3714 ,
1015 3633 1154 3717 (1111,
1202 3654 1348 3695 811111
1393 3633 1684 3716 singulae
1733 3633 1932 3696 atomi
1978 3633 2216 3697 sentire
2260 3654 2387 3697 non
2430 3634 2715 3718 possint,
2761 3632 3123 3719 complexio

672 3755 890 3815 tamen
921 3755 1281 3813 atomorum
1313 3750 1548 3814 sentiat
1574 3799 1589 3833 ‚
1621 3751 1883 3837 quinam
1916 3751 2151 3815 sentiat
2177 3800 2192 3833 ,
2240 3771 2384 3815 cum
2416 3752 2611 3815 atomi
2640 3773 2769 3815 non
2799 3752 3078 3815 sentiant
3104 3800 3123 3834 ,

674 3872 823 3932 cett.
917 3867 1255 3932 Lucretius
1281 3917 1297 3950 ,
1369 3868 1549 3932 cuius
1618 3867 1790 3933 dicta
1857 3869 2181 3954 explicare
2248 3890 2417 3931 nunc
2484 3888 2825 3954 pergemus
2852 3918 2870 3952 ,
2946 3868 3123 3933 nullo

675 3983 862 4049 modo
908 3986 1285 4069 magistrum
1329 3986 1628 4050 correxit.
1721 3986 1963 4051 Contra
2006 3985 2088 4050 ad
2130 3986 2411 4049 litteram
2454 3985 2589 4051 fere
2636 4007 2785 4051 eum
2815 3986 3121 4073 sequitur.

675 4102 869 4169 Vitae
913 4124 1068 4189 usus
1113 4109 1178 4167 et
1225 4103 1628 4169 consuetudo
1675 4102 1907 4168 docent
1950 4124 2113 4191 quae
2159 4104 2441 4167 sentiant
2481 4108 2634 4168 nata
2676 4124 2816 4169 esse
2861 4125 2946 4168 ex
2990 4109 3125 4169 ato-

673 4220 796 4284 mis
820 4270 836 4303 ,
884 4240 1047 4306 quae
1092 4242 1218 4285 non
1265 4222 1546 4286 sentiant
1564 4272 1580 4304 ‚
1649 4243 1796 4285 cum
1840 4221 2169 4285 videamus
2212 4242 2461 4286 vermes
2505 4222 2678 4286 nasci
2724 4242 2760 4286 e
2806 4227 3080 4287 stercore
3106 4270 3124 4305 ,

673 4338 925 4424 plantas
971 4358 1039 4402 se
1084 4344 1336 4403 vertere
1383 4338 1450 4402 in
1496 4359 1760 4424 corpora
1804 4338 2191 4402 animalium.
2285 4338 2593 4403 Attamen
2636 4360 2764 4402 non
2810 4360 2895 4403 ex
2927 4338 3125 4403 omni-

673 4455 794 4519 bus
842 4454 1100 4521 omnino
1145 4456 1336 4519 rebus
1383 4456 1614 4519 sensile
1662 4455 1990 4540 extemplo
2036 4454 2125 4518 fit.
2220 4454 2376 4519 Vita
2404 4454 2575 4518 enim
2605 4455 2845 4541 pendet
2874 4460 3124 4520 tantum

675 4590 761 4635 ex
807 4571 1028 4637 ordine
1075 4578 1431 4636 atomorum
1478 4592 1826 4657 earumque
1871 4570 2313 4654 magnitudine
2359 4576 2425 4634 et
2468 4571 2689 4635 forma.

761 4689 1107 4755 Praeterea
1151 4690 1325 4772 (902)
1372 4688 1481 4774 qui
1527 4688 1757 4752 sensile
1803 4708 1989 4773 posse
2033 4688 2235 4753 creari
2280 4710 2315 4753 e
2362 4688 2698 4753 sensilibus
2744 4687 3085 4773 opinantur
3108 4734 3125 4769 ,
