3529 5359
1722 331 1843 393 152

573 533 722 597 solis
789 554 995 597 sermo
1064 534 1164 596 sit.
1255 531 1616 617 Descriptio
1671 531 1895 617 procul
1954 530 2145 594 dubio
2212 551 2341 594 non
2406 536 2505 595 est
2577 529 2900 596 elaborata
2944 535 3013 594 et

569 652 869 737 perfecta.
957 651 1126 716 Nam
1169 671 1294 737 qua
1337 651 1402 713 vi
1446 649 1604 714 haec
1651 671 1808 713 saxa
1832 699 1849 732 ,
1918 650 2252 732 flammae,
2300 654 2450 713 cett.
2498 648 2855 713 eicerentur
2900 670 3012 712 ex-

568 769 814 854 posuit,
861 768 973 832 sed
1017 768 1176 832 haec
1220 773 1472 832 tantum
1514 789 1663 853 pars
1695 773 1792 830 est
1819 767 2016 830 totius
2043 765 2487 852 phaenomeni.
2581 768 2787 831 Poeta
2816 767 3011 830 etiam

568 886 817 950 locutus
861 891 958 950 est
1004 885 1081 950 de
1125 886 1266 949 aliis
1311 884 1769 971 Phaenomenis
1799 933 1813 966 ,
1847 905 2011 969 quae
2042 885 2095 947 si
2127 884 2511 969 explicasset
2538 933 2553 966 ,
2584 883 2833 948 facilius
2861 883 3012 969 quid

568 1005 725 1068 velit
793 1004 1312 1088 intellegeretur,
1382 1025 1524 1067 cum
1595 1002 2039 1088 phaenomena
2104 1001 2263 1066 haec
2330 1023 2414 1066 ex
2488 1002 2752 1088 Epicuri
2796 1008 3011 1066 mente

566 1140 792 1184 revera
865 1141 1009 1183 cum
1083 1120 1280 1182 totius
1351 1119 1575 1182 mundi
1649 1119 2019 1182 condicione
2094 1118 2495 1183 cohaereant.
2586 1118 2773 1182 Dixit
2841 1118 3010 1182 enim

575 1238 1044 1318 „flammescere
1091 1236 1381 1300 caelum:
1428 1235 1496 1300 id
1543 1257 1794 1322 quoque
1842 1236 2011 1299 enim
2058 1236 2161 1319 fit,
2223 1242 2287 1299 et
2331 1236 2670 1301 ardescunt
2714 1236 3014 1300 caelestia

567 1353 846 1438 templa,
914 1357 978 1416 et
1045 1357 1460 1437 tempestates
1527 1353 1785 1437 pluviae
1840 1353 2129 1437 graviore
2176 1359 2398 1417 coortu
2444 1359 2625 1436 sunt,
2694 1353 2804 1417 ubi
2848 1354 3011 1417 forte

567 1471 658 1534 ita
725 1491 792 1534 se
857 1470 1210 1533 tetulerunt
1277 1470 1522 1533 semina
1589 1471 1937 1556 aquarum”
1980 1446 2069 1552 ¹).⁰
2127 1470 2403 1554 Magnae
2474 1476 2539 1535 et
2599 1471 3013 1534 vehementes

569 1589 932 1672 eruptiones
977 1588 1170 1671 vulgo
1215 1609 1341 1651 non
1388 1588 1523 1652 sine
1568 1589 1846 1670 tonitru,
1892 1588 2158 1652 fulmine
2184 1638 2200 1671 ,
2233 1593 2614 1674 tempestate
2648 1595 2796 1652 cett.
2831 1588 3011 1654 fiunt.

567 1705 738 1770 Illud
812 1705 1188 1787 „ardescunt
1256 1705 1556 1769 caelestia
1616 1706 1898 1790 templa”
1960 1726 2087 1768 non
2132 1707 2335 1769 solum
2382 1706 2685 1792 exprimit
2728 1707 3013 1770 flammas

573 1844 609 1887 e
677 1823 910 1886 montis
971 1822 1259 1887 faucibus
1319 1829 1726 1907 erumpentes
1800 1823 1867 1886 in
1913 1823 2087 1887 caelo
2134 1823 2453 1907 refulgere
2473 1873 2489 1906 ,
2549 1845 2773 1887 verum
2820 1823 3012 1887 etiam

571 1942 782 2026 ipsum
847 1941 1094 2004 caelum
1161 1940 1532 2004 fulminibus
1592 1940 1922 2004 ardescere
1970 1946 2035 2004 et
2080 1941 2260 2026 quasi
2304 1963 2433 2004 una
2478 1963 2621 2006 cum
2669 1947 2839 2006 terra
2882 1963 3013 2005 mo-

571 2058 710 2122 veri
771 2063 836 2121 et
895 2057 1158 2122 turbari.
1250 2057 1423 2141 Ergo
1469 2079 1614 2121 cum
1657 2057 1819 2122 haec
1866 2058 2165 2122 caelestia
2210 2058 2652 2144 phaenomena
2694 2081 2824 2123 una
2868 2081 3015 2122 cum

566 2174 803 2237 montis
869 2174 1203 2259 eruptione
1268 2161 1470 2236 unum
1534 2172 1836 2236 horribile
1900 2175 2334 2259 spectaculum
2379 2175 2727 2260 praebeant
2753 2225 2769 2257 ,
2817 2180 3013 2260 poeta

569 2291 818 2354 monuit
844 2339 860 2374 ,
913 2297 1022 2372 „ut
1067 2290 1492 2368 reminiscaris
1537 2311 1849 2354 summam
1884 2311 2097 2354 rerum
2129 2312 2266 2355 esse
2296 2291 2673 2376 profundam
2704 2298 2769 2356 et
2798 2292 3016 2356 videas

571 2409 821 2474 caelum
867 2409 1137 2472 summai
1183 2408 1376 2472 totius
1421 2428 1620 2471 unum
1667 2429 1857 2493 quam
1903 2408 1984 2471 sit
2030 2409 2295 2493 parvula
2339 2431 2485 2493 pars
2504 2459 2520 2492 ,
2589 2409 2778 2473 homo
2822 2411 3016 2474 terrai

565 2531 760 2613 quota
806 2527 1005 2591 totius
1049 2525 1254 2589 unus”
1287 2524 1380 2607 ²),
1427 2525 1726 2611 quoniam
1774 2526 1865 2589 ita
1908 2526 2345 2590 tantummodo
2374 2527 2601 2610 ingens
2632 2534 2697 2590 et
2725 2528 3015 2591 mirabile

564 2643 686 2709 hoc
751 2643 1236 2729 phaenomenon
1280 2642 1571 2727 intellegi
1630 2647 1882 2728 potest,
1952 2643 2004 2707 si
2052 2643 2277 2707 statuis
2321 2643 2599 2731 undique
2646 2665 2682 2709 e
2728 2646 2904 2710 caelo
2948 2651 3015 2709 et

501 2739 508 2745 ⁸
565 2769 736 2828 terra
800 2762 989 2827 huius
1053 2763 1216 2826 mali·
1274 2764 1518 2827 semina
1582 2769 1906 2849 tamquam
1971 2764 2039 2827 in
2097 2764 2279 2827 ulcus
2324 2766 2645 2829 confluere
2690 2770 2755 2829 et
2802 2765 3015 2829 subito

569 2900 923 2965 erumpere.
971 2916 1053 2925 --
1100 2879 1320 2964 Ipsum
1355 2877 1723 2943 Lucretium
1784 2878 2036 2943 Aetnae
2089 2881 2321 2945 montis
2370 2865 2776 2967 eruptionem
2807 2881 2971 2945 vidis
2997 2932 3015 2965 ,

569 3018 636 3061 se
704 2996 1075 3061 confirmare
1143 2995 1315 3059 haud
1359 2996 1604 3060 ausim:
1673 2998 1741 3060 in
1789 2997 2211 3084 descriptione
2254 2999 2392 3062 eius
2436 2998 2598 3062 nihil
2644 3005 2741 3063 est
2767 3048 2783 3081 ,
2844 2998 3015 3085 quod

569 3114 636 3177 id
704 3114 1036 3178 ostendat:
1109 3136 1316 3201 neque
1384 3116 1787 3201 eruptionem
1814 3166 1830 3199 ,
1896 3095 2090 3203 quam
2134 3138 2226 3181 vs.
2277 3120 2396 3182 641
2450 3138 2621 3203 seqq.
2671 3122 3015 3199 memorat,

573 3252 648 3295 eo
717 3237 1006 3317 tempore
1033 3280 1050 3313 ,
1098 3251 1222 3317 quo
1267 3237 1459 3316 poeta
1500 3232 1802 3308 vivebat,
1848 3232 2081 3297 factam
2127 3254 2265 3297 esse
2310 3240 2573 3298 constat.
2667 3232 3017 3318 Epicurum

572 3348 652 3411 de
715 3348 795 3412 iis
860 3348 1052 3412 rebus
1123 3348 1488 3433 scripsisse,
1557 3349 1777 3413 videre
1833 3350 1983 3414 licet
2029 3371 2064 3413 e
2112 3350 2392 3415 Senecae
2438 3356 2568 3415 nat.
2616 3356 2858 3436 quaest.
2904 3350 2973 3413 II
2999 3399 3015 3432 ,

577 3487 714 3551 cap.
763 3468 866 3530 20.
959 3465 1202 3529 Seneca
1245 3466 1337 3530 ibi
1383 3466 1461 3529 de
1507 3471 1714 3531 terrae
1760 3468 2045 3532 motibus
2087 3474 2151 3531 et
2196 3468 2337 3532 aliis
2384 3468 2695 3532 eiusmodi
2738 3466 3019 3553 phaeno-

572 3583 778 3647 menis
799 3583 1050 3647 locutus
1075 3632 1091 3665 ,
1116 3588 1452 3669 postquam
1475 3586 2164 3668 praestantissimorum
2189 3585 2586 3671 antiquitatis
2615 3583 3020 3670 philosopho-

574 3721 718 3763 rum
765 3699 1094 3785 opiniones
1139 3701 1399 3783 retulit,
1461 3702 1551 3764 sic
1597 3703 1851 3787 pergit:
1937 3701 2212 3783 „Omnes
2258 3700 2411 3765 istas
2441 3723 2626 3787 posse
2681 3722 2818 3766 0000
2870 3723 3017 3767 cau-

575 3839 676 3881 sas
723 3817 1040 3903 Epi-curus
1086 3818 1178 3881 ait
1220 3818 1562 3903 pluresque
1594 3819 1748 3883 alias
1781 3824 2053 3903 temptat
2084 3825 2147 3882 et
2180 3819 2369 3901 alios,
2411 3819 2519 3905 qui
2551 3818 2790 3905 aliquid
2820 3840 3018 3882 unum

573 3956 658 3999 ex
703 3935 842 3999 istis
889 3956 1028 3999 esse
1073 3934 1548 4002 affirmaverunt
1593 3937 1894 4022 corripit,
1955 3958 2100 4000 cum
2147 3938 2227 3999 sit
2272 3936 2541 4000 arduum
2588 3936 2665 4000 de
2710 3936 2809 4000 his
2853 3956 3017 4022 quae

573 4051 937 4116 coniectura
1004 4052 1327 4137 sequenda
1391 4058 1539 4116 sunt
1607 4052 1847 4139 aliquid
1908 4053 2067 4117 certi
2106 4052 2548 4137 'promittere’‘.
2639 4053 2782 4117 Hoc
2827 4054 3017 4138 plane

573 4183 718 4234 cum
785 4169 1119 4252 omnibus,
1189 4190 1352 4255 quae
1417 4170 1496 4233 de
1565 4170 1827 4255 Epicuri
1898 4170 2177 4235 doctrina
2250 4176 2315 4233 et
2381 4170 2593 4234 indole
2639 4172 2821 4236 nobis
2864 4177 3019 4234 nota

573 4286 741 4368 sint,
811 4286 1184 4368 concinere,
1231 4286 1564 4350 ostendere
1609 4308 1736 4349 non
1785 4308 1941 4372 opus
1988 4287 2128 4350 erit.
2220 4286 2472 4349 Deinde
2517 4286 2711 4351 refert
2755 4285 3015 4371 Epicuri

643 4559 680 4622 ¹)
748 4559 836 4610 Vs.
873 4562 967 4608 669
1001 4574 1136 4625 seqq.

638 4651 681 4715 ²)
749 4652 834 4702 Vs.
871 4654 966 4701 649
1001 4667 1134 4718 seqq.
