3529 5359
1669 403 1751 465 ⁹3
2020 377 2254 514 Qlj
2503 501 2505 503 J

551 603 735 669 Haec
823 604 903 669 ad
967 603 1246 668 litteram
1307 602 1440 667 fere
1509 623 1592 666 ex
1652 601 1931 688 Epicuro
2000 602 2411 689 transscripta
2478 623 2613 666 esse
2678 623 2713 666 e
2759 601 2889 667 Cic.

469 720 546 785 de
635 721 776 785 Fin.
861 722 912 784 I.
987 723 1108 803 19,
1189 722 1270 783 64
1343 724 1648 805 apparet:
1748 740 1942 805 „quos
2017 720 2284 802 (sensus)
2351 719 2460 805 qui
2526 719 2756 783 tollunt
2829 723 2894 782 et

466 837 628 902 nihil
697 839 940 925 percipi
1011 857 1192 923 posse
1268 835 1526 919 dicunt,
1609 836 1656 899 ii
1730 837 1989 900 remotis
2063 836 2347 900 sensibus
2413 857 2494 900 ne
2554 836 2621 899 id
2686 837 2895 921 ipsum

468 955 724 1042 quidem
797 955 1100 1042 expedire
1174 959 1477 1040 possunt,
1545 954 1711 1040 quod
1789 953 2123 1017 disserunt.
2236 954 2581 1018 Praeterea
2646 953 2896 1018 sublata

469 1073 827 1157 cognitione
914 1078 978 1137 et
1050 1073 1314 1137 scientia
1384 1072 1627 1135 tollitur
1682 1071 1884 1135 omnis
1952 1071 2113 1135 ratio
2188 1076 2253 1135 et
2322 1071 2493 1136 vitae
2569 1069 2893 1155 degendae

471 1193 536 1251 et
619 1209 827 1252 rerum
917 1187 1408 1273 gerendarum”;
1473 1192 1662 1273 atque
1717 1208 1801 1251 ex
1853 1187 1991 1273 ipso
2044 1186 2319 1272 Epicuro
2351 1185 2423 1268 ¹):
2491 1191 2663 1253 πᾶσα
2734 1185 2893 1271 γάρ,

471 1309 702 1391 φησίν,
795 1306 1086 1386 αἴσθησις
1177 1305 1426 1391 ἄλογός
1497 1309 1622 1371 ἐστι
1711 1312 1807 1371 καὶ
1897 1309 2143 1387 μνήμης
2234 1301 2521 1387 οὐδεμιᾶς
2608 1301 2841 1380 δεκτική
2877 1326 2893 1342 ·

473 1425 610 1492 οὔτε
701 1421 824 1509 γὰρ
917 1423 1018 1508 ὑφ’
1101 1423 1289 1499 αὑτῆς
1377 1421 1516 1487 οὔθ’
1611 1421 1718 1507 ὑφ’
1809 1424 2015 1508 ἑτέρου
2106 1425 2421 1496 κινηθεῖσα
2512 1418 2769 1486 δύναταί
2838 1450 2894 1487 τι

470 1548 842 1628 προσθεῖναι
901 1541 938 1616 ἢ
1007 1540 1302 1626 α’φελεῗν,
1374 1537 1505 1605 οὐδ’
1575 1539 1702 1604 ἔστι
1762 1540 1836 1603 τὸ
1907 1536 2252 1621 δυνάμενον
2308 1535 2498 1617 αὐτὰς
2544 1533 2849 1624 διελέγξαι
2877 1559 2892 1574 ·

472 1658 610 1725 οὔτε
676 1658 799 1745 γὰρ
861 1660 898 1734 ἡ
961 1659 1334 1741 ὁμοιογενὴς
1401 1659 1516 1732 τὴν
1583 1660 1915 1742 ὁμοιογενῆ
1963 1653 2061 1721 διὰ
2104 1657 2220 1731 τὴν
2266 1658 2688 1721 ἰσοσθένειαν·
2757 1654 2897 1721 οὔθ’

469 1778 511 1854 ἡ
557 1776 1013 1860 ἅνομοιογενὴς
1057 1776 1172 1850 τὴν
1217 1773 1629 1858 α’νομοιογενῆ
1657 1821 1672 1848 ,
1721 1773 1797 1836 οὗ
1843 1771 1965 1857 γὰρ
2012 1776 2139 1836 τῶν
2184 1773 2391 1836 αὐτῶν
2438 1775 2552 1837 εἰσὶ
2598 1777 2893 1858 κριτικαί·

476 1889 619 1958 οὔθ’
668 1895 705 1967 ἡ
753 1894 920 1976 ἑτέρα
968 1893 1083 1966 τὴν
1129 1893 1376 1975 ἑτέραν,
1422 1891 1655 1965 πάσαις
1684 1887 1809 1974 γὰρ
1838 1891 2275 1974 προσέχομεν·
2324 1886 2462 1953 οὔτε
2490 1889 2615 1964 μὴν
2643 1885 2895 1974 λόγος,

472 2013 599 2084 πᾶς
664 2005 788 2094 γάρ
849 2006 1056 2092 λόγος
1119 2005 1244 2071 α’πὸ
1291 2010 1416 2071 τῶν
1463 2007 1815 2080 αἰσθήσεων
1859 2005 2131 2088 ἤρτηται.
2218 2003 2431 2068 Homo
2474 2003 2673 2087 igitur
2715 1989 2897 2068 crite-

473 2124 583 2187 riis
629 2123 1009 2211 quibusdam
1056 2122 1447 2206 distinguere
1492 2126 1702 2206 potest
1744 2139 1927 2183 veras
1972 2140 2010 2182 a
2045 2118 2218 2182 falsis
2249 2120 2664 2204 opinionibus.
2713 2120 2895 2184 Haec

473 2247 688 2307 autem
733 2241 858 2305 tria
901 2246 1082 2304 sunt:
1145 2239 1583 2324 perceptiones
1607 2287 1623 2320 ,
1683 2236 2165 2322 praenotione8‚
2212 2236 2475 2300 affectus
2504 2236 2576 2320 2).
2664 2238 2898 2322 Dioge-

473 2377 585 2421 nes
675 2356 968 2421 Laertius
1059 2355 1210 2419 dicit
1301 2355 1681 2440 EpicureOS,
1773 2374 1901 2415 non
1975 2374 2127 2416 vero
2194 2353 2403 2438 ipsum
2490 2353 2895 2437 magistrum,

473 2475 554 2540 ad
595 2474 754 2538 haec
799 2475 920 2538 tria
965 2474 1216 2538 criteria
1260 2470 1573 2536 addidisse
1618 2477 1912 2556 quartum
1965 2469 2076 2547 τὰς
2124 2473 2536 2557 φανταστικὰς
2587 2471 2900 2557 ἐπιβολὰς

472 2603 582 2668 τῆς
652 2590 966 2667 διανοίας,
1034 2589 1145 2654 sed
1205 2596 1418 2654 tamen
1477 2589 1748 2672 fallitur,
1818 2609 1965 2652 nam
2010 2588 2147 2674 ipse
2192 2587 2507 2673 Epicurus
2552 2587 2671 2652 hoc
2718 2610 2900 2675 quar-

473 2715 611 2773 tum
675 2709 959 2773 nominat
1025 2709 1105 2772 D.
1152 2708 1228 2772 L.
1275 2708 1358 2771 X.
1434 2710 1551 2771 147
1620 2712 1684 2771 et
1745 2710 1863 2789 51,
1932 2728 2125 2792 quare
2170 2706 2433 2771 fortasse
2478 2708 2658 2771 uncis
2702 2708 2901 2771 inclu-

479 2825 685 2890 denda
758 2832 905 2890 sunt
977 2826 1088 2889 illa
1153 2825 1366 2889 verba.
1457 2824 1583 2889 Sed
1649 2823 1903 2888 difficile
1970 2829 2066 2887 est
2133 2822 2345 2907 dictu,
2422 2824 2573 2911 quid
2642 2826 2723 2889 sit
2790 2825 2902 2890 illa

477 2944 856 3028 φανταστικὴ
902 2945 939 3017 ἡ
969 2939 1243 3027 ἐπιβολὴ
1266 2990 1284 3017 ,
1354 2961 1515 3027 quae
1581 2941 1748 3003 inter
1815 2940 2067 3003 criteria
2131 2940 2526 3024 nominatur,
2571 2962 2719 3005 nam
2764 2963 2900 3028 cap.

475 3060 559 3123 50
625 3058 896 3142 legimus
958 3067 1053 3123 καὶ
1122 3057 1201 3134 ἣν
1271 3056 1348 3123 ἂν
1415 3055 1718 3143 λάβωμεν
1788 3060 2134 3142 φαντασίαν
2188 3054 2610 3142 ἐπιβλητικῶς
2654 3064 2730 3145 τῇ
2775 3055 2902 3124 δια-

477 3180 619 3261 νοίᾳ
681 3175 717 3250 ἢ
783 3184 918 3250 τοῖς
985 3177 1412 3260 αἰσθητηρίοις
1477 3173 1589 3239 ε’ίτε
1632 3183 1880 3258 μορφῆς
1924 3172 2037 3239 εἴτε
2083 3170 2619 3260 συμβεβηκότων,
2688 3177 2898 3261 μορφή

478 3295 643 3358 ἐστιν
730 3292 881 3368 αὕτη
968 3299 1082 3357 τοῦ
1163 3295 1559 3377 στερεμνίου,
1658 3294 1953 3376 γινομένη
2042 3290 2214 3355 κατὰ·
2264 3291 2337 3354 τὸ
2429 3288 2572 3366 ἑξῆς
2658 3294 2902 3357 πύκνω-

476 3438 560 3491 μα
629 3409 661 3485 ἢ
727 3410 1172 3496 ἐγκατάλειμμα
1223 3415 1335 3473 τοῦ
1382 3406 1676 3490 εἰδώλου,
1724 3437 1777 3473 κ.
1824 3436 1878 3472 τ.
1924 3435 1969 3472 ε.
2059 3405 2164 3470 Ex
2208 3404 2383 3469 hisce
2428 3405 2640 3471 verbis
2683 3406 2904 3471 Viden-

477 3531 583 3590 tur
623 3526 844 3591 'affines
889 3547 1025 3590 esse
1072 3526 1421 3590 simulacris
1466 3526 1600 3589 sive
1643 3523 2047 3608 imaginibus.
2137 3523 2234 3587 Eo
2278 3523 2358 3587 ab
2401 3522 2503 3587 his
2541 3524 2902 3612 discrepant

479 3642 646 3728 quod
689 3642 921 3727 partim
965 3642 1174 3706 animo
1222 3643 1324 3729 (τῇ
1370 3639 1634 3727 διανοίᾳ)
1680 3641 1914 3725 partim
1958 3660 2109 3703 vero
2156 3639 2443 3704 sensibus
2473 3641 2871 3726 accipiuntur
2888 3690 2905 3725 ,

480 3781 624 3824 cum
694 3759 1029 3823 simulacra
1089 3758 1210 3823 hoc
1277 3758 1476 3823 altero
1545 3759 1676 3821 solo
1721 3758 1909 3822 modo
1954 3756 2036 3821 ad
2078 3778 2193 3821 nos
2235 3758 2628 3842 perveniant.
2717 3758 2910 3825 Prae-

481 3882 657 3942 terea
701 3898 845 3941 cum
891 3876 1225 3941 simulacra
1269 3896 1486 3939 rerum
1527 3880 1778 3939 tantum
1824 3875 1949 3939 sint
1991 3874 2334 3958 imagines,
2378 3874 2501 3940 hae
2546 3875 2739 3939 etiam
2782 3880 2911 3943 τῶν

482 3991 986 4080 συμβεβηκότων
1030 3993 1268 4058 formae
1312 3992 1737 4057 nominantur.
1814 3991 2001 4067 Quod
2042 4012 2227 4077 porro
2272 3990 2588 4078 ἐπιβολήν
2633 3992 2911 4075 formam

550 4350 588 4414 1)
655 4351 722 4400 D.
757 4350 816 4399 L.
852 4348 917 4397 x.
955 4352 1032 4399 31.

548 4446 590 4511 ²)
657 4446 692 4496 l.
726 4446 761 4495 l.
796 4447 850 4496 ἐν
884 4447 1058 4495 τοίνυν
1104 4448 1179 4510 τῷ
1230 4448 1420 4496 Κανόνι
1463 4446 1625 4510 λέγων
1666 4443 1805 4494 ἐστὶν
1848 4444 1873 4493 ὁ
1906 4443 2208 4506 Ἐπίκουρος
2249 4438 2483 4505 κριτὴρια
2526 4443 2619 4500 τῆς
2668 4438 2912 4501 ἀληθείας

486 4540 618 4591 εἶναι
653 4543 743 4600 τὰς
776 4539 1038 4600 αἰσθήσεις
1071 4541 1154 4589 καὶ
1188 4538 1470 4604 προλήψεις
1501 4542 1585 4589 καὶ
1629 4541 1692 4588 τὰ
1721 4539 1871 4597 πάθη
1893 4574 1907 4599 ,
1940 4538 1986 4587 οἱ
2021 4536 2061 4586 δ’
2098 4536 2435 4599 Ἐπικούρειοι
2468 4536 2553 4585 καὶ
2591 4537 2682 4593 τὰς
2717 4545 2910 4600 φαντα·

486 4637 661 4693 στιεὰς
693 4634 941 4699 ἐπιβολὰς
975 4638 1066 4694 τῆς
1098 4632 1337 4692 διανοίας.
1373 4636 1434 4683 34
1467 4633 1613 4692 πάθη
1648 4631 1696 4683 δὲ
1730 4634 1968 4697 λέγουσιν
1992 4632 2119 4681 εἶναι
2141 4627 2262 4692 δύο,
2298 4626 2489 4689 ἡδονὴν
2511 4631 2597 4678 καὶ
2620 4627 2912 4694 ἀλγηδόνα,

488 4730 731 4796 ἱστάμενα
764 4731 879 4795 περὶ
911 4734 1020 4780 πᾶν
1056 4730 1201 4794 ζῷον.

636 4852 662 4868 ἱ
