3529 5359
1888 398 1928 459 4

691 595 1058 662 dialecticae
1103 598 1255 661 artis
1297 598 1498 680 natis,
1544 599 1799 662 illorum
1844 599 2077 684 scripta
2122 621 2438 686 superare.
2530 601 2677 664 Non
2724 601 2805 665 ad
2848 608 3127 688 systema

689 714 951 799 Epicuri
997 712 1108 778 sed
1139 713 1219 778 ad
1251 715 1546 796 formam,
1593 737 1718 800 qua
1750 716 2166 800 exprimitur,
2216 717 2539 780 Ciceronis
2570 717 2767 782 verba
2794 719 3127 782 referenda

689 836 854 895 sunt.
946 831 1016 895 Si
1067 836 1328 916 propter
1371 831 1569 916 ipsius
1615 833 1978 917 systematis
2033 833 2403 896 facilitatem
2447 834 2790 897 multitudo
2844 835 2925 898 ad
2973 836 3126 922 Epi-

688 948 822 1012 curi
868 946 1218 1012 doctrinam
1265 969 1331 1011 se
1379 949 1680 1031 contulit,
1729 970 1841 1013 cur
1885 950 2020 1034 ipse
2066 951 2403 1013 Lucretius
2443 950 2719 1035 loquitur
2754 951 2830 1014 de
2870 953 3126 1033 „obscu-

686 1065 772 1129 ris
793 1065 1102 1150 repertis'’
1138 1065 1441 1146 „obscura
1466 1065 1542 1128 de
1567 1067 1678 1128 re'’
1705 1066 1844 1147 (IV.
1873 1069 1937 1150 8)
1966 1116 1981 1148 ,
2030 1069 2139 1152 qui
2170 1067 2551 1130 contendere
2576 1073 2786 1153 potest
2812 1091 2825 1131 ε
2866 1069 3126 1152 „volgus

687 1181 984 1245 abhorret
1014 1181 1093 1245 ab
1126 1180 1336 1244 hac''?
1373 1181 1516 1264 (IV.
1551 1183 1682 1264 20).
1710 1219 1793 1228 -—-
1825 1182 2299 1266 Argumentum
2345 1204 2380 1246 e
2425 1182 2755 1269 voluptate
2802 1191 3123 1270 sumptum

685 1319 936 1385 quoque
1003 1299 1192 1363 inane
1265 1303 1377 1362 est.
1467 1276 1579 1362 De
1634 1299 1771 1385 ipso
1833 1299 2112 1385 Epicuro
2180 1300 2401 1364 Cicero
2450 1301 2686 1364 fatetur
2728 1323 2857 1365 non
2904 1303 3123 1386 negari

683 1421 868 1501 posse
937 1437 1083 1479 eum
1143 1421 1208 1479 et
1273 1415 1510 1478 bonum
1575 1416 1785 1479 virum
1848 1421 1912 1478 et
1957 1437 2201 1480 comem
2247 1422 2311 1480 et
2355 1417 2705 1481 humanum
2750 1419 2943 1482 fuisse
2975 1421 3012 1502 ¹)
3060 1425 3123 1482 et

683 1539 906 1618 postea
951 1532 1237 1596 addidit:
1293 1532 1464 1618 „ipse
1510 1532 1714 1596 bonus
1759 1533 1858 1596 vir
1892 1512 2023 1596 'fuit
2070 1540 2133 1598 et
2177 1535 2364 1597 multi
2410 1533 2711 1622 Epicurei
2758 1542 2821 1599 et
2866 1537 3123 1600 fuerunt

685 1655 750 1714 et
818 1649 1008 1712 hodie
1077 1655 1222 1713 sunt
1291 1654 1354 1712 01
1421 1649 1490 1711 in
1535 1649 1830 1712 amicitiis
1875 1649 2093 1714 fideles
2140 1656 2205 1713 et
2248 1651 2316 1714 in
2362 1652 2714 1716 omni'vita
2762 1659 3122 1717 constantes

683 1772 749 1831 et
818 1788 1044 1851 graves
1110 1788 1228 1830 nec
1274 1767 1600 1853 voluptate
1647 1766 1758 1829 sed
1804 1766 2005 1831 officio
2053 1768 2315 1832 consilia
2358 1769 2799 1834 moderantes’'
2834 1767 2910 1854 2·);
2959 1770 3121 1834 hanc

684 1883 938 1946 laudem
1007 1888 1221 1946 autem
1290 1882 1390 1945 his
1457 1883 1666 1946 verbis
1711 1883 1985 1945 minuit:
2063 1883 2256 1964 „mihi
2301 1884 2599 1948 videntur
2642 1885 2849 1950 facere
2894 1886 3122 1949 melius

682 2021 873 2085 quam
923 2000 1194 2064 dicere”.
1268 2000 1395 2064 Sed
1440 2005 1654 2063 tamen
1701 2002 1790 2064 sic
1836 2022 2085 2087 quoque
2134 2007 2341 2065 errat:
2389 2024 2595 2088 neque
2644 2004 2812 2066 enim
2858 2003 3121 2090 Epicuri

684 2117 970 2181 doctrina
1011 2117 1310 2180 libidines
1357 2123 1421 2181 et
1466 2117 1786 2181 luxuriam
1819 2119 2259 2184 commendare
2292 2121 2583 2184 videtur:
2634 2123 2709 2187 οὐ
2742 2125 2863 2206 γὰρ
2895 2125 3078 2188 πότοι
3101 2171 3118 2198 ,

684 2234 932 2319 inquit,
991 2226 1089 2300 καῖ
1135 2240 1326 2316 κῶμοι
1373 2239 1767 2320 συνείροντες
1814 2234 1946 2302 οὐδ’
1993 2238 2373 2315 ἀπολαύσεις
2404 2238 2645 2305 παίδων
2677 2245 3119 2325 καὶγυναικῶν

685 2349 818 2418 οὐδ’
887 2355 1134 2438 ἰχθύων
1205 2357 1300 2417 καὶ
1362 2357 1488 2416 τῶν
1549 2352 1807 2434 ἄλλων,
1856 2357 1974 2418 ὅσα
2020 2358 2182 2440 φέρει
2228 2355 2587 2431 πολυτελὴς
2632 2357 2948 2440 τράπεζα,
3008 2359 3119 2422 τὸν

684 2465 840 2544 ἡδὺν
895 2474 1092 2554 γεννᾷ
1135 2467 1335 2552 βίον,
1393 2468 1566 2534 ἀλλὰ
1613 2473 1831 2554 νήφων
1878 2470 2191 2555 λογισμὸς
2238 2476 2332 2536 καὶ
2381 2473 2495 2546 τὰς
2540 2475 2742 2547 αἰτίας
2787 2471 3118 2556 ἐξερευνῶν

681 2586 891 2666 πάσης
939 2588 1229 2669 αἱρέσεως
1279 2589 1372 2650 καὶ
1422 2594 1628 2670 φυγῆς
1675 2591 1771 2649 καὶ
1817 2585 1931 2660 τάς
1978 2584 2597 2672 δόξαςέξελαῦνων,
2644 2590 2747 2674 ἀφ’
2781 2593 2869 2654 ὧν
2902 2594 3115 2654 πλεῖσ-

681 2731 793 2777 τος
858 2701 972 2781 τοῖς
1039 2700 1254 2787 ψυχιίς
1326 2700 1793 2786 καταλαμβάνει
1858 2702 2153 2788 θόρυβος
2185 2700 2249 2786 ³).
2356 2705 2432 2768 In
2500 2707 2782 2769 Lucretii
2843 2708 3118 2771 carmine

682 2839 890 2903 neque
936 2818 1194 2880 luxuria
1238 2837 1446 2902 neque
1491 2817 1753 2881 lascivia
1800 2817 2255 2901 defenduntur,
2301 2841 2508 2906 neque
2554 2822 2621 2884 in
2656 2823 2921 2886 aliorum
2953 2845 3114 2910 quae

680 2936 974 2999 novimus
1031 2908 1298 3019 scriptis,
1391 2934 1630 3009 Quodsi
1676 2941 1891 2997 tamen
1936 2956 2171 3019 negare
2217 2938 2511 3000 nolumus
2555 2938 2723 3002 inter
2767 2940 3116 3026 Epicureos

679 3054 941 3117 fortasse
987 3054 1200 3139 plures
1245 3052 1438 3115 fuisse
1469 3052 1718 3116 libidini
1748 3052 2153 3137 indulgentes
2185 3076 2372 3139 quam
2402 3055 2571 3119 inter
2604 3056 2847 3120 Stoicos
2876 3107 2890 3139 ‚
2923 3058 3112 3121 huius

677 3169 772 3233 rei
825 3169 1125 3233 haec‘est
1171 3191 1360 3233 causa
1404 3191 1571 3250 una,
1634 3170 1802 3254 quod
1849 3170 2043 3235 Stoici
2090 3172 2333 3236 Romae
2380 3173 2689 3257 imprimis
2735 3174 2903 3237 inter
2948 3176 3115 3239 viros

679 3288 967 3351 excultos
1033 3286 1553 3377 inveniebantur,
1621 3308 1767 3349 011111
1833 3286 2134 3371 Epicurei
2193 3287 2479 3352 homines
2547 3290 2829 3353 omnium
2900 3297 3113 3353 essent

680 3404 990 3469 ordinum.
1083 3404 1210 3467 Sed
1254 3405 1585 3489 pleraque7
1635 3426 1796 3489 quae
1845 3404 1922 3467 de
1970 3404 2286 3467 dissolutis
2331 3406 2789 3490 Epicureorum
2834 3408 3115 3472 moribus
3199 3406 3203 3409 ’
3275 3419 3280 3423 “

680 3521 1008 3603 dicuntur,
1065 3521 1145 3584 ad
1190 3521 1412 3584 inanes
1456 3520 1726 3584 redeunt
1772 3542 2094 3584 rumores:
2143 3522 2295 3606 quin
2342 3523 2535 3585 etiam
2581 3529 2727 3587 sunt
2758 3525 2865 3609 qui
2896 3546 3113 3589 eorum

675 3660 883 3702 mores
925 3637 1230 3719 laudent,
1278 3643 1348 3699 ut
1395 3636 1706 3720 Origenes
1737 3640 1828 3719 4),
1876 3637 1984 3722 qui
2030 3637 2182 3702 dicit
2228 3638 2587 3702 adulterum
2632 3640 2800 3703 inter
2846 3662 2953 3704 eos
2986 3663 3112 3704 non

676 3754 991 3836 inveniri,
1082 3753 1250 3839 quod
1323 3754 1561 3839 optime
1635 3754 1928 3837 congruit
2002 3776 2144 3818 cum
2221 3756 2420 3842 ipsius
2494 3757 2781 3841 magistri
2856 3758 3107 3822 verbis:

683 3875 967 3957 ,γυναικί
1025 3871 1080 3935 τ’
1129 3873 1204 3937 οὗ
1248 3874 1624 3956 μιγήσεσθαι
1669 3873 1783 3936 τὸν
1832 3873 2038 3957 σοφὸν
2082 3870 2121 3958 ’ᾗ
2166 3877 2225 3937 οἱ
2274 3876 2454 3954 νόμοι
2500 3872 3007 3959 ἀπαγορεύουσιν
3038 3877 3109 3958 5).

677 3987 884 4073 Saepe
909 3987 1481 4051 'confundebantur
1525 4008 1668 4050 cum
1699 3987 2067 4073 Cyrenaicis
2097 3994 2140 4067 6)
2189 3995 2253 4052 01
2284 3989 2537 4075 Cynicis
2563 4012 2576 4053 ε
2624 3997 2957 4076 praeterea
2982 4012 3108 4056 vox

741 4252 780 4316 ¹)
848 4252 908 4301 de
943 4250 1054 4301 Fin.
1091 4250 1296 4311 11.‚15‚
1333 4253 1410 4299 49.

738 4346 779 4410 ²)
847 4347 907 4396 de
942 4346 1053 4395 Fin.
1089 4345 1164 4395 II.
1202 4348 1295 4406 25,
1331 4349 1408 4395 81.

738 4444 774 4500 ³)
843 4440 907 4490 D.
941 4441 1000 4490 L.
1035 4440 1100 4490 X.
1142 4443 1249 4489 132.

737 4536 778 4601 ⁴)
848 4535 1031 4586 Contra
1064 4534 1277 4585 Celsum.
1310 4534 1436 4585 VII.
1469 4551 1518 4598 p.
1555 4535 1665 4587 375.

738 4630 778 4694 ⁵)
850 4630 914 4679 D.
949 4630 1008 4679 L.
1043 4630 1110 4679 X.
1147 4632 1240 4691 26,
1283 4632 1387 4680 118.

735 4724 772 4784 ⁶)
840 4724 987 4775 Tusc.
1023 4725 1098 4775 11.
1132 4728 1190 4786 6,
1230 4728 1303 4774 15.
1371 4724 1518 4789 Diog.
1554 4726 1613 4775 L.
1650 4726 1725 4776 11.
1762 4729 1809 4775 8.
