3529 5359
1578 362 1692 422 111

411 589 598 627 νοιαυ
622 611 640 639 ,
708 583 897 648 quam
943 562 1172 626 Latine
1216 562 1366 626 lieet
1410 562 1876 647 providentiam
1923 562 2179 644 dicere,
2226 583 2433 648 neque
2480 584 2633 628 vero
2677 586 2862 629 mun-

413 678 822 765 dum.ipsum
848 729 864 762 ,
913 681 1120 743 animo
1166 687 1223 743 et
1267 681 1548 744 sensibus
1582 681 1956 765 praeditum
1978 731 1993 762 ,
2058 681 2445 763 rotundum,
2493 683 2860 768 ardentem,

411 795 760 859 volubilem
828 795 1044 878 deum,
1113 801 1410 880 portenta
1457 803 1522 860 et
1567 797 1876 860 miracula
1919 818 2048 861 non
2095 796 2541 860 disserentium
2586 797 2861 883 philoso-

409 911 687 998 phorum
711 963 727 996 ,
797 913 908 977 sed
975 914 1444 978 somniantium.
1552 914 1799 988 Quibus
1867 912 2039 978 enini
2098 915 2293 978 oculis
2358 915 2557 978 animi
2621 916 2859 981 intueri

407 1031 623 1115 potuit
685 1035 896 1094 vester
963 1031 1150 1095 Plato
1217 1031 1522 1095 fabricam
1567 1033 1744 1096 illam
1791 1032 1955 1095 tanti
2004 1033 2252 1117 operis,
2325 1053 2449 1118 qua
2494 1035 2775 1098 construi
2820 1056 2859 1098 a

411 1147 533 1211 deo
577 1153 767 1234 atque
813 1148 1133 1212 aedificari
1184 1148 1491 1213 mundum
1535 1149 1687 1214 facit
1703 1150 1775 1212 ?'’
1808 1153 1867 1231 ¹).
1959 1149 2471 1215 Consentaneum
2516 1157 2613 1214 est
2656 1152 2857 1236 igitur

409 1265 785 1329 Lucretium
851 1267 917 1328 in
998 1267 1288 1330 Platonis
1381 1265 1666 1330 doctrina
1751 1267 2105 1331 refellenda
2182 1287 2432 1353 quoque
2506 1267 2857 1354 Epicurum

411 1383 850 1447 tantummodo
896 1383 1326 1469 interpretari.

497 1501 619 1565 His
679 1503 988 1587 expositis
1031 1502 1112 1565 ad
1158 1502 1363 1588 quinti
1409 1501 1556 1564 libri
1600 1502 1857 1565 initium
1903 1500 2259 1566 redeamus,
2350 1502 2554 1565 Poeta
2599 1501 2858 1566 demon-

406 1625 720 1683 straturus
787 1625 882 1683 est
947 1618 1256 1683 mundum
1325 1625 1530 1682 totum
1605 1619 1941 1682 mortalem
2011 1639 2149 1682 esse
2226 1639 2432 1704 neque
2502 1625 2853 1685 aeternum.

411 1737 775 1823 „Principio
844 1737 1143 1823 quoniam
1182 1737 1375 1800 terrai
1422 1757 1649 1821 corpus
1695 1742 1760 1800 et
1806 1758 1988 1800 umor
2033 1757 2456 1823 aurarumque
2502 1737 2677 1801 leves
2723 1740 2855 1802 ani-

405 1875 552 1918 mae
617 1854 932 1940 calidique
1000 1875 1267 1940 vapores
1293 1904 1309 1937 ,
1379 1875 1416 1918 e
1484 1854 1712 1940 quibus
1756 1854 1917 1918 haec
1962 1875 2175 1918 rerum
2221 1832 2562 1918 consistere
2609 1877 2857 1921 summa

406 1972 695 2055 videtur,
744 1973 957 2036 omnia
1001 1973 1218 2036 nativo
1265 1993 1338 2035 ac
1382 1971 1638 2034 mortali
1683 1992 1945 2057 corpore
1993 1978 2282 2036 constant
2307 2021 2323 2054 ,
2394 1972 2585 2036 debet
2631 1973 2854 2038 eodem

407 2091 611 2154 omnis
668 2090 891 2153 mundi
950 2097 1178 2155 natura
1221 2089 1478 2174 putari’'
1505 2091 1576 2172 2).
1669 2088 2103 2175 Quaecunque
2148 2095 2363 2152 autem
2407 2090 2627 2154 nativa
2671 2098 2852 2174 sunt,

405 2209 698 2273 mortalia
757 2209 951 2272 etiam
1019 2229 1155 2272 esse
1217 2207 1453 2271 debent
1485 2203 1556 2291 3).
1650 2207 1766 2271 Vs.
1837 2209 2137 2272 247—60
2185 2208 2572 2272 demonstrat
2617 2215 2854 2273 terram

407 2346 546 2390 esse
604 2327 972 2409 mortalem3
1036 2325 1268 2389 deinde
1328 2347 1420 2388 vs.
1484 2326 1785 2388 261—72
1846 2346 2076 2410 aquam
2129 2346 2257 2388 non
2302 2332 2627 2389 aeternam
2673 2347 2854 2410 esse3

404 2465 500 2510 vs.
548 2445 627 2507 27
635 2445 848 2507 3-81
899 2464 1114 2507 aerem
1162 2463 1414 2527 semper
1457 2443 1726 2525 mutari,
1775 2463 1927 2526 ergo
1972 2443 2304 2506 mortalem
2350 2463 2529 2526 esse3
2579 2443 2853 2530 denique

404 2582 500 2624 vs.
533 2563 874 2625 281—305
921 2561 1130 2625 lucem
1168 2560 1439 2623 exitium
1470 2581 1598 2623 non
1629 2580 1813 2645 posse
1846 2559 2109 2623 evitare.
2200 2560 2437 2626 Omnes
2469 2561 2661 2625 etiam
2692 2583 2854 2648 quae

407 2679 780 2744 durissimae
851 2685 999 2743 sunt
1066 2685 1132 2743 et
1200 2678 1333 2742 fere
1380 2684 1689 2764 perpetuo
1762 2677 1989 2742 durare
2034 2678 2335 2743 videntur
2378 2700 2481 2743 res
2524 2685 2817 2744 terrenae
2837 2729 2855 2764 ,

403 2798 666 2861 interire
733 2798 1060 2861 videmus:
1133 2818 1244 2860 cur
1303 2817 1455 2881 ergo
1512 2802 1683 2860 terra
1726 2798 2068 2860 maneret?
2155 2796 2449 2882 Denique
2497 2797 2551 2860 si
2596 2796 2852 2881 aether,

405 2916 574 3001 quod
638 2916 894 3001 quidam
961 2921 1351 2997 memorant,
1419 2921 1712 3000 procreat
1780 2934 2010 2981 exse
2080 2914 2291 2977 omnia
2333 2914 2685 3000 recipitque
2710 2936 2851 2999 per-

404 3039 660 3117 empta,
729 3034 923 3097 etiam
987 3034 1272 3098 mortalis
1332 3038 1428 3097 est
1457 3032 1530 3117 4).
1621 3033 1868 3097 Eodem
1946 3037 2130 3096 modo
2191 3032 2540 3117 Epicurum
2598 3033 2849 3097 ratioci-

403 3157 625 3215 natum
671 3172 808 3215 esse
855 3152 1073 3215 videre
1120 3152 1272 3216 licet
1318 3171 1354 3214 e
1400 3150 1481 3214 D.
1527 3150 1603 3213 L.
1653 3150 1738 3213 X.
1791 3151 1911 3212 74:
1974 3146 2175 3225 δῆλον
2223 3155 2360 3221 οὖν,
2389 3150 2476 3224 ὡς
2522 3154 2617 3214 καὶ
2651 3154 2854 3235 φθαρ-

401 3272 553 3345 τοΰς
600 3286 748 3355 φησι
792 3274 944 3345 τοὺς
974 3270 1250 3350 κόσμους
1278 3317 1297 3346 ,
1339 3266 1885 3353 μεταβαλλόντων
1914 3270 2042 3331 τῶν
2070 3271 2277 3351 μερῶν
2300 3264 2367 3349 ⁵).
2455 3265 2603 3330 Hae
2635 3272 2849 3352 partes

469 3562 503 3620 ¹)
573 3561 674 3611 Cic.
708 3562 768 3611 de
801 3566 902 3609 nat.
937 3561 1068 3610 deor.
1105 3560 1166 3619 I,
1205 3562 1316 3609 818.

467 3657 507 3720 ²)
576 3656 662 3707 Vs.
699 3659 792 3705 235
827 3672 960 3720 seqq.

463 3752 505 3814 ³)
572 3751 753 3802 Itidem
782 3751 1059 3814 Epicurus:
1099 3750 1232 3801 Plut.
1255 3750 1382 3815 plac.
1409 3750 1496 3811 ΙΙ,
1533 3755 1594 3810 4,
1629 3748 1722 3811 „El
1766 3750 2027 3815 ἄφθαρτος
2063 3750 2089 3799 ὁ
2112 3749 2325 3812 adepto&
2353 3746 2510 3797 dicit:
2548 3749 2849 3812 Ἐπίκουρος

398 3849 654 3913 φθαρτόν.
693 3849 773 3899 ὅτι
805 3850 890 3899 καὶ
925 3850 1167 3913 γενητὸν,
1205 3848 1271 3906 ὡς
1307 3848 1468 3911 ζῷον,
1504 3848 1571 3905 ὡς
1604 3847 1779 3911 φυτόν.

463 3943 506 4006 ⁴)
571 3942 658 3992 vs.
696 3946 969 3992 sos-323.

461 4038 503 4102 ⁵)
572 4037 738 4088 Codex
771 4036 1026 4088 Leidensis
1046 4052 1058 4085 ε
1093 4036 1290 4096 ἄδηλον
1321 4036 1415 4087 οὖν
1447 4037 1513 4095 ὡς
1536 4038 1622 4085 καὶ
1643 4034 1938 4101 ἀφθάρτους
1961 4035 2081 4100 φησὶ
2105 4036 2223 4091 τοὺς
2247 4036 2461 4097 κόσμους
2484 4034 2843 4098 μεταβαλλόν-

397 4154 501 4184 των
534 4140 635 4185 τῶν
667 4134 863 4197 ἡμερῶν
888 4169 899 4180 .
934 4132 1160 4193 ἄδηλον,
1195 4132 1519 4196 ἀφθάρτους,
1554 4129 1750 4195 ἡμερῶν
1792 4129 2028 4178 mutanda
2061 4143 2166 4177 esse
2199 4127 2408 4192 quisque
2441 4128 2587 4178 facile
2619 4128 2841 4179 videbit:

396 4245 498 4279 non
539 4233 705 4278 tamen
737 4229 881 4278 video
915 4244 1004 4278 cur
1034 4226 1184 4277 etiam
1217 4225 1334 4286 φησί
1369 4225 1694 4275 omittendum
1729 4224 1795 4273 sit
1827 4228 1879 4273 et
1913 4226 2133 4288 φθαρτοὶ
2166 4227 2340 4286 κόσμοι
2372 4222 2662 4287 legendum,
2714 4225 2845 4289 quod

396 4322 600 4389 plurimi
642 4321 848 4372 faciunt.
918 4322 1110 4372 Deinde
1142 4320 1196 4370 in
1229 4320 1394 4371 codice
1426 4325 1701 4384 sequuntur
1732 4318 1881 4368 haec:
1936 4320 2019 4367 καὶ
2053 4318 2107 4367 ἐν
2140 4318 2325 4376 ἄλλοις
2361 4322 2457 4379 τῆν
2490 4322 2589 4383 γῆν
2623 4320 2697 4382 τῷ
2734 4320 2845 4382 ἀέρι

395 4418 708 4483 ἐποχεῖσθαι.
776 4417 908 4467 Satis
940 4416 1213 4467 dilucidum
1245 4415 1370 4465 mihi
1402 4415 1598 4465 videtur
1629 4414 1750 4463 haec
1785 4412 1951 4462 omnia
1984 4428 2015 4461 a
2047 4412 2271 4475 Diogene
2302 4428 2365 4462 ex
2389 4412 2500 4462 aliis
2521 4411 2663 4461 libris
2681 4447 2694 4472 ‚
2738 4412 2844 4462 sive

397 4516 514 4576 περὶ
547 4514 738 4577 φύσεως
761 4550 774 4575 ,
809 4513 913 4563 sive
946 4528 973 4561 e
1005 4528 1187 4576 magna
1217 4511 1430 4575 epitome
1449 4547 1461 4571 ,
1504 4507 1751 4572 adscripta
1783 4524 1889 4557 esse
1922 4512 1972 4557 et
2004 4508 2067 4556 ad
2101 4509 2154 4557 ἐν
2176 4510 2361 4566 ἄλλοις
2385 4506 2716 4571 supplendum
2739 4522 2845 4557 esse

395 4617 532 4673 φησι.
601 4607 700 4665 Qui
738 4607 832 4658 hoc
862 4623 966 4657 -non
997 4606 1208 4670 probant
1239 4608 1324 4657 sed
1355 4606 1476 4656 haec
1509 4604 1659 4654 verba
1691 4602 1909 4666 Epicuro
1941 4600 2039 4665 ipsi
2069 4600 2331 4663 tribuunt,
2384 4616 2482 4651 non
2516 4606 2725 4663 possunt
2756 4616 2843 4665 po-

397 4709 626 4753 stremam
664 4703 803 4753 illam
836 4703 1132 4753 sententiam
1165 4719 1276 4752 cum
1309 4701 1482 4753 ceteris
1526 4699 1597 4749 ita
1648 4698 1945 4761 coniungere
1965 4734 1979 4758 ‚
2037 4702 2094 4747 ut
2126 4714 2283 4748 nexus
2317 4696 2383 4746 sit
2406 4698 2724 4762 perspicuus,
2760 4696 2847 4746 sed
