<?xml version="1.0" encoding="UTF-8"?>
<!DOCTYPE html PUBLIC "-//W3C//DTD XHTML 1.0 Transitional//EN"
    "http://www.w3.org/TR/xhtml1/DTD/xhtml1-transitional.dtd">
<html xmlns="http://www.w3.org/1999/xhtml" xml:lang="en" lang="en">
 <head>
  <title>
</title>
<meta http-equiv="Content-Type" content="text/html;charset=utf-8" />
  <meta name='ocr-system' content='tesseract 3.04.00' />
  <meta name='ocr-capabilities' content='ocr_page ocr_carea ocr_par ocr_line ocrx_word'/>
</head>
<body>
  <div class='ocr_page' id='page_1' title='image "./lucretiiphiloso01woltgoog_0175.png"; bbox 0 0 3529 5359; ppageno 0'>
   <div class='ocr_carea' id='block_1_1' title="bbox 44 456 48 1042">
    <p class='ocr_par' dir='ltr' id='par_1_1' title="bbox 44 456 48 1042">
     <span class='ocr_line' id='line_1_1' title="bbox 44 456 48 1042; baseline 0 0"><span class='ocrx_word' id='word_1_1' title='bbox 44 456 48 1042; x_wconf 95' lang='lat' dir='ltr'> </span> 
     </span>
    </p>
   </div>
   <div class='ocr_carea' id='block_1_2' title="bbox 1594 362 1717 426">
    <p class='ocr_par' dir='ltr' id='par_1_2' title="bbox 1594 362 1717 426">
     <span class='ocr_line' id='line_1_2' title="bbox 1594 362 1717 426; baseline 0 0"><span class='ocrx_word' id='word_1_2' title='bbox 1594 362 1717 426; x_wconf 83' lang='lat'>163</span> 
     </span>
    </p>
   </div>
   <div class='ocr_carea' id='block_1_3' title="bbox 432 563 2915 4049">
    <p class='ocr_par' dir='ltr' id='par_1_3' title="bbox 433 563 2915 1942">
     <span class='ocr_line' id='line_1_3' title="bbox 526 563 2885 664; baseline 0.002 -37"><span class='ocrx_word' id='word_1_3' title='bbox 526 563 864 628; x_wconf 84' lang='lat' dir='ltr'>Lucretius</span> <span class='ocrx_word' id='word_1_4' title='bbox 909 579 1226 630; x_wconf 87' lang='lat' dir='ltr'>summum</span> <span class='ocrx_word' id='word_1_5' title='bbox 1269 565 1428 630; x_wconf 83' lang='lat' dir='ltr'>illud</span> <span class='ocrx_word' id='word_1_6' title='bbox 1473 566 1711 630; x_wconf 91' lang='lat' dir='ltr'>bonum</span> <span class='ocrx_word' id='word_1_7' title='bbox 1757 566 1886 630; x_wconf 90' lang='lat' dir='ltr'>iam</span> <span class='ocrx_word' id='word_1_8' title='bbox 1931 571 2158 630; x_wconf 84' lang='lat' dir='ltr'>nactus</span> <span class='ocrx_word' id='word_1_9' title='bbox 2204 571 2301 630; x_wconf 87' lang='lat' dir='ltr'>est</span> <span class='ocrx_word' id='word_1_10' title='bbox 2341 571 2407 631; x_wconf 88' lang='lat' dir='ltr'>et</span> <span class='ocrx_word' id='word_1_11' title='bbox 2438 589 2553 632; x_wconf 87' lang='lat' dir='ltr'>sua</span> <span class='ocrx_word' id='word_1_12' title='bbox 2579 567 2885 664; x_wconf 79' lang='lat' dir='ltr'>felicitate</span> 
     </span>
     <span class='ocr_line' id='line_1_4' title="bbox 437 680 2885 770; baseline 0.001 -25"><span class='ocrx_word' id='word_1_13' title='bbox 437 680 720 764; x_wconf 88' lang='lat' dir='ltr'>gaudens</span> <span class='ocrx_word' id='word_1_14' title='bbox 786 682 1178 768; x_wconf 90' lang='lat' dir='ltr'>aliorumque</span> <span class='ocrx_word' id='word_1_15' title='bbox 1247 704 1490 747; x_wconf 89' lang='lat' dir='ltr'>errores</span> <span class='ocrx_word' id='word_1_16' title='bbox 1536 689 1601 746; x_wconf 89' lang='lat' dir='ltr'>et</span> <span class='ocrx_word' id='word_1_17' title='bbox 1647 687 1922 746; x_wconf 87' lang='lat' dir='ltr'>terrores</span> <span class='ocrx_word' id='word_1_18' title='bbox 1966 689 2031 747; x_wconf 90' lang='lat' dir='ltr'>et</span> <span class='ocrx_word' id='word_1_19' title='bbox 2077 683 2457 768; x_wconf 86' lang='lat' dir='ltr'>cupiditates</span> <span class='ocrx_word' id='word_1_20' title='bbox 2503 684 2885 770; x_wconf 88' lang='lat' dir='ltr'>tranquillus</span> 
     </span>
     <span class='ocr_line' id='line_1_5' title="bbox 440 795 2883 884; baseline 0.002 -25"><span class='ocrx_word' id='word_1_21' title='bbox 440 795 794 881; x_wconf 88' lang='lat' dir='ltr'>despiciens</span> <span class='ocrx_word' id='word_1_22' title='bbox 854 803 920 861; x_wconf 91' lang='lat' dir='ltr'>et</span> <span class='ocrx_word' id='word_1_23' title='bbox 966 797 1300 884; x_wconf 83' lang='lat' dir='ltr'>deplorans</span> <span class='ocrx_word' id='word_1_24' title='bbox 1353 798 1643 881; x_wconf 87' lang='lat' dir='ltr'>„Suave,</span> <span class='ocrx_word' id='word_1_25' title='bbox 1691 798 1936 884; x_wconf 90' lang='lat' dir='ltr'>inquit,</span> <span class='ocrx_word' id='word_1_26' title='bbox 1997 799 2157 862; x_wconf 91' lang='lat' dir='ltr'>mari</span> <span class='ocrx_word' id='word_1_27' title='bbox 2200 819 2432 883; x_wconf 89' lang='lat' dir='ltr'>magno</span> <span class='ocrx_word' id='word_1_28' title='bbox 2478 799 2883 864; x_wconf 81' lang='lat' dir='ltr'>turbantibus</span> 
     </span>
     <span class='ocr_line' id='line_1_6' title="bbox 438 916 2915 1002; baseline 0.001 -24"><span class='ocrx_word' id='word_1_29' title='bbox 438 935 716 1000; x_wconf 87' lang='lat' dir='ltr'>aequora</span> <span class='ocrx_word' id='word_1_30' title='bbox 759 916 968 980; x_wconf 84' lang='lat' dir='ltr'>ventis</span> <span class='ocrx_word' id='word_1_31' title='bbox 992 965 1008 998; x_wconf 98' lang='lat'>,</span> <span class='ocrx_word' id='word_1_32' title='bbox 1078 937 1113 980; x_wconf 92' lang='lat' dir='ltr'>e</span> <span class='ocrx_word' id='word_1_33' title='bbox 1160 923 1330 981; x_wconf 82' lang='lat' dir='ltr'>terra</span> <span class='ocrx_word' id='word_1_34' title='bbox 1372 938 1678 1002; x_wconf 85' lang='lat' dir='ltr'>magnum</span> <span class='ocrx_word' id='word_1_35' title='bbox 1723 918 1985 980; x_wconf 89' lang='lat' dir='ltr'>alterius</span> <span class='ocrx_word' id='word_1_36' title='bbox 2028 923 2315 1002; x_wconf 86' lang='lat' dir='ltr'>spectare</span> <span class='ocrx_word' id='word_1_37' title='bbox 2360 917 2685 1001; x_wconf 82' lang='lat' dir='ltr'>laborem3</span> <span class='ocrx_word' id='word_1_38' title='bbox 2754 939 2915 982; x_wconf 87' lang='lat' dir='ltr'>non·</span> 
     </span>
     <span class='ocr_line' id='line_1_7' title="bbox 439 1031 2883 1121; baseline 0.001 -26"><span class='ocrx_word' id='word_1_39' title='bbox 439 1031 588 1116; x_wconf 89' lang='lat' dir='ltr'>quia</span> <span class='ocrx_word' id='word_1_40' title='bbox 631 1032 858 1096; x_wconf 81' lang='lat' dir='ltr'>Vexari</span> <span class='ocrx_word' id='word_1_41' title='bbox 904 1040 1349 1121; x_wconf 76' lang='lat' dir='ltr'><strong>quemquamst</strong></span> <span class='ocrx_word' id='word_1_42' title='bbox 1394 1035 1672 1098; x_wconf 87' lang='lat' dir='ltr'>iucunda</span> <span class='ocrx_word' id='word_1_43' title='bbox 1717 1036 2009 1120; x_wconf 88' lang='lat' dir='ltr'>voluptas</span> <span class='ocrx_word' id='word_1_44' title='bbox 2036 1084 2052 1117; x_wconf 90' lang='lat'>,</span> <span class='ocrx_word' id='word_1_45' title='bbox 2100 1035 2211 1099; x_wconf 87' lang='lat' dir='ltr'>sed</span> <span class='ocrx_word' id='word_1_46' title='bbox 2256 1035 2485 1121; x_wconf 91' lang='lat' dir='ltr'>quibus</span> <span class='ocrx_word' id='word_1_47' title='bbox 2527 1035 2669 1120; x_wconf 90' lang='lat' dir='ltr'>ipse</span> <span class='ocrx_word' id='word_1_48' title='bbox 2697 1035 2883 1099; x_wconf 89' lang='lat' dir='ltr'>malis</span> 
     </span>
     <span class='ocr_line' id='line_1_8' title="bbox 439 1150 2885 1236; baseline 0.001 -23"><span class='ocrx_word' id='word_1_49' title='bbox 439 1169 653 1214; x_wconf 88' lang='lat' dir='ltr'>careas</span> <span class='ocrx_word' id='word_1_50' title='bbox 700 1150 850 1236; x_wconf 87' lang='lat' dir='ltr'>quia</span> <span class='ocrx_word' id='word_1_51' title='bbox 895 1172 1154 1216; x_wconf 90' lang='lat' dir='ltr'>cernere</span> <span class='ocrx_word' id='word_1_52' title='bbox 1202 1173 1396 1216; x_wconf 87' lang='lat' dir='ltr'>suave</span> <span class='ocrx_word' id='word_1_53' title='bbox 1445 1158 1580 1217; x_wconf 88' lang='lat' dir='ltr'>est:</span> <span class='ocrx_word' id='word_1_54' title='bbox 1631 1173 1825 1216; x_wconf 88' lang='lat' dir='ltr'>suave</span> <span class='ocrx_word' id='word_1_55' title='bbox 1872 1153 2061 1217; x_wconf 85' lang='lat' dir='ltr'>etiam</span> <span class='ocrx_word' id='word_1_56' title='bbox 2094 1153 2247 1217; x_wconf 87' lang='lat' dir='ltr'>belli</span> <span class='ocrx_word' id='word_1_57' title='bbox 2275 1153 2623 1217; x_wconf 88' lang='lat' dir='ltr'>certamina</span> <span class='ocrx_word' id='word_1_58' title='bbox 2651 1173 2885 1236; x_wconf 87' lang='lat' dir='ltr'>magna</span> 
     </span>
     <span class='ocr_line' id='line_1_9' title="bbox 439 1268 2882 1357; baseline 0.001 -27"><span class='ocrx_word' id='word_1_59' title='bbox 439 1268 603 1331; x_wconf 89' lang='lat' dir='ltr'>tueri</span> <span class='ocrx_word' id='word_1_60' title='bbox 668 1289 785 1354; x_wconf 91' lang='lat' dir='ltr'>per</span> <span class='ocrx_word' id='word_1_61' title='bbox 831 1291 1088 1355; x_wconf 90' lang='lat' dir='ltr'>campos</span> <span class='ocrx_word' id='word_1_62' title='bbox 1130 1271 1442 1336; x_wconf 89' lang='lat' dir='ltr'>instructa</span> <span class='ocrx_word' id='word_1_63' title='bbox 1467 1321 1483 1354; x_wconf 99' lang='lat'>,</span> <span class='ocrx_word' id='word_1_64' title='bbox 1554 1279 1666 1336; x_wconf 88' lang='lat' dir='ltr'>tua</span> <span class='ocrx_word' id='word_1_65' title='bbox 1710 1272 1847 1335; x_wconf 88' lang='lat' dir='ltr'>sine</span> <span class='ocrx_word' id='word_1_66' title='bbox 1892 1278 2074 1357; x_wconf 87' lang='lat' dir='ltr'>parte</span> <span class='ocrx_word' id='word_1_67' title='bbox 2119 1272 2384 1357; x_wconf 87' lang='lat' dir='ltr'>pericli:</span> <span class='ocrx_word' id='word_1_68' title='bbox 2455 1271 2567 1336; x_wconf 89' lang='lat' dir='ltr'>sed</span> <span class='ocrx_word' id='word_1_69' title='bbox 2609 1272 2701 1335; x_wconf 91' lang='lat' dir='ltr'>nil</span> <span class='ocrx_word' id='word_1_70' title='bbox 2748 1271 2882 1334; x_wconf 91' lang='lat' dir='ltr'>dul-</span> 
     </span>
     <span class='ocr_line' id='line_1_10' title="bbox 439 1382 2883 1473; baseline 0.001 -27"><span class='ocrx_word' id='word_1_71' title='bbox 439 1382 572 1448; x_wconf 87' lang='lat' dir='ltr'>cius</span> <span class='ocrx_word' id='word_1_72' title='bbox 641 1390 780 1467; x_wconf 88' lang='lat' dir='ltr'>est,</span> <span class='ocrx_word' id='word_1_73' title='bbox 848 1386 1013 1450; x_wconf 91' lang='lat' dir='ltr'>bene</span> <span class='ocrx_word' id='word_1_74' title='bbox 1082 1409 1273 1471; x_wconf 86' lang='lat' dir='ltr'>quam</span> <span class='ocrx_word' id='word_1_75' title='bbox 1338 1389 1586 1451; x_wconf 90' lang='lat' dir='ltr'>munita</span> <span class='ocrx_word' id='word_1_76' title='bbox 1653 1394 1873 1453; x_wconf 89' lang='lat' dir='ltr'>tenere</span> <span class='ocrx_word' id='word_1_77' title='bbox 1942 1388 2114 1452; x_wconf 89' lang='lat' dir='ltr'>edita</span> <span class='ocrx_word' id='word_1_78' title='bbox 2173 1388 2459 1452; x_wconf 89' lang='lat' dir='ltr'>doctrina</span> <span class='ocrx_word' id='word_1_79' title='bbox 2521 1388 2883 1473; x_wconf 90' lang='lat' dir='ltr'>sapientum</span> 
     </span>
     <span class='ocr_line' id='line_1_11' title="bbox 438 1503 2884 1592; baseline 0.001 -28"><span class='ocrx_word' id='word_1_80' title='bbox 438 1503 678 1586; x_wconf 88' lang='lat' dir='ltr'>templa</span> <span class='ocrx_word' id='word_1_81' title='bbox 745 1524 1005 1586; x_wconf 89' lang='lat' dir='ltr'>serena,</span> <span class='ocrx_word' id='word_1_82' title='bbox 1077 1504 1401 1590; x_wconf 81' lang='lat' dir='ltr'>despicere</span> <span class='ocrx_word' id='word_1_83' title='bbox 1461 1506 1630 1569; x_wconf 89' lang='lat' dir='ltr'>unde</span> <span class='ocrx_word' id='word_1_84' title='bbox 1676 1528 1872 1592; x_wconf 91' lang='lat' dir='ltr'>queas</span> <span class='ocrx_word' id='word_1_85' title='bbox 1918 1507 2073 1570; x_wconf 90' lang='lat' dir='ltr'>alias</span> <span class='ocrx_word' id='word_1_86' title='bbox 2117 1507 2477 1592; x_wconf 78' lang='lat' dir='ltr'>passimque</span> <span class='ocrx_word' id='word_1_87' title='bbox 2522 1505 2740 1569; x_wconf 86' lang='lat' dir='ltr'>Videre</span> <span class='ocrx_word' id='word_1_88' title='bbox 2787 1526 2884 1569; x_wconf 90' lang='lat' dir='ltr'>er-</span> 
     </span>
     <span class='ocr_line' id='line_1_12' title="bbox 433 1622 2883 1709; baseline 0.002 -28"><span class='ocrx_word' id='word_1_89' title='bbox 433 1639 578 1682; x_wconf 87' lang='lat' dir='ltr'>rare</span> <span class='ocrx_word' id='word_1_90' title='bbox 645 1626 836 1706; x_wconf 89' lang='lat' dir='ltr'>atque</span> <span class='ocrx_word' id='word_1_91' title='bbox 905 1622 1074 1685; x_wconf 88' lang='lat' dir='ltr'>viam</span> <span class='ocrx_word' id='word_1_92' title='bbox 1122 1623 1398 1707; x_wconf 88' lang='lat' dir='ltr'>palantis</span> <span class='ocrx_word' id='word_1_93' title='bbox 1443 1643 1748 1709; x_wconf 84' lang='lat' dir='ltr'>quaerere</span> <span class='ocrx_word' id='word_1_94' title='bbox 1797 1624 1967 1688; x_wconf 85' lang='lat' dir='ltr'>vitae</span> <span class='ocrx_word' id='word_1_95' title='bbox 1994 1673 2010 1706; x_wconf 98' lang='lat'>,</span> <span class='ocrx_word' id='word_1_96' title='bbox 2081 1630 2323 1687; x_wconf 87' lang='lat' dir='ltr'>certare</span> <span class='ocrx_word' id='word_1_97' title='bbox 2369 1623 2667 1707; x_wconf 88' lang='lat' dir='ltr'>ingenio,</span> <span class='ocrx_word' id='word_1_98' title='bbox 2737 1643 2883 1686; x_wconf 89' lang='lat' dir='ltr'>con-</span> 
     </span>
     <span class='ocr_line' id='line_1_13' title="bbox 439 1734 2881 1825; baseline 0.002 -29"><span class='ocrx_word' id='word_1_99' title='bbox 439 1734 701 1798; x_wconf 85' lang='lat' dir='ltr'>tendere</span> <span class='ocrx_word' id='word_1_100' title='bbox 769 1737 1103 1801; x_wconf 88' lang='lat' dir='ltr'>nobilitate</span> <span class='ocrx_word' id='word_1_101' title='bbox 1130 1788 1146 1821; x_wconf 99' lang='lat'>,</span> <span class='ocrx_word' id='word_1_102' title='bbox 1215 1745 1434 1802; x_wconf 89' lang='lat' dir='ltr'>noctes</span> <span class='ocrx_word' id='word_1_103' title='bbox 1501 1745 1691 1824; x_wconf 90' lang='lat' dir='ltr'>atque</span> <span class='ocrx_word' id='word_1_104' title='bbox 1760 1739 1897 1802; x_wconf 88' lang='lat' dir='ltr'>dies</span> <span class='ocrx_word' id='word_1_105' title='bbox 1963 1740 2082 1802; x_wconf 89' lang='lat' dir='ltr'>niti</span> <span class='ocrx_word' id='word_1_106' title='bbox 2127 1744 2493 1825; x_wconf 86' lang='lat' dir='ltr'>praestante</span> <span class='ocrx_word' id='word_1_107' title='bbox 2537 1738 2757 1802; x_wconf 89' lang='lat' dir='ltr'>labore</span> <span class='ocrx_word' id='word_1_108' title='bbox 2798 1737 2881 1802; x_wconf 90' lang='lat' dir='ltr'>ad</span> 
     </span>
     <span class='ocr_line' id='line_1_14' title="bbox 437 1857 2058 1942; baseline 0.002 -26"><span class='ocrx_word' id='word_1_109' title='bbox 437 1873 713 1916; x_wconf 89' lang='lat' dir='ltr'>summas</span> <span class='ocrx_word' id='word_1_110' title='bbox 759 1875 1084 1939; x_wconf 85' lang='lat' dir='ltr'>emergere</span> <span class='ocrx_word' id='word_1_111' title='bbox 1131 1877 1284 1940; x_wconf 91' lang='lat' dir='ltr'>opes</span> <span class='ocrx_word' id='word_1_112' title='bbox 1328 1877 1666 1942; x_wconf 87' lang='lat' dir='ltr'>rerumque</span> <span class='ocrx_word' id='word_1_113' title='bbox 1713 1857 1949 1941; x_wconf 88' lang='lat' dir='ltr'>potiri&#39;’</span> <span class='ocrx_word' id='word_1_114' title='bbox 1987 1857 2058 1939; x_wconf 89' lang='lat'>¹).</span> 
     </span>
    </p>

    <p class='ocr_par' dir='ltr' id='par_1_4' title="bbox 432 1969 2883 4049">
     <span class='ocr_line' id='line_1_15' title="bbox 527 1969 2883 2061; baseline 0 -28"><span class='ocrx_word' id='word_1_115' title='bbox 527 1969 688 2034; x_wconf 82' lang='lat' dir='ltr'>Cum</span> <span class='ocrx_word' id='word_1_116' title='bbox 733 1977 949 2035; x_wconf 89' lang='lat' dir='ltr'>autem</span> <span class='ocrx_word' id='word_1_117' title='bbox 995 1973 1129 2057; x_wconf 90' lang='lat' dir='ltr'>ipse</span> <span class='ocrx_word' id='word_1_118' title='bbox 1176 1979 1354 2037; x_wconf 90' lang='lat' dir='ltr'>tanta</span> <span class='ocrx_word' id='word_1_119' title='bbox 1397 1995 1554 2058; x_wconf 90' lang='lat' dir='ltr'>pace</span> <span class='ocrx_word' id='word_1_120' title='bbox 1603 1980 1666 2037; x_wconf 89' lang='lat' dir='ltr'>et</span> <span class='ocrx_word' id='word_1_121' title='bbox 1697 1973 2159 2061; x_wconf 87' lang='lat' dir='ltr'>tranquillitate</span> <span class='ocrx_word' id='word_1_122' title='bbox 2191 1972 2386 2036; x_wconf 92' lang='lat' dir='ltr'>animi</span> <span class='ocrx_word' id='word_1_123' title='bbox 2416 1971 2665 2035; x_wconf 87' lang='lat' dir='ltr'>fruatur</span> <span class='ocrx_word' id='word_1_124' title='bbox 2687 2020 2704 2055; x_wconf 94' lang='lat'>,</span> <span class='ocrx_word' id='word_1_125' title='bbox 2753 1970 2883 2034; x_wconf 89' lang='lat' dir='ltr'>effi-</span> 
     </span>
     <span class='ocr_line' id='line_1_16' title="bbox 439 2089 2883 2177; baseline 0.001 -26"><span class='ocrx_word' id='word_1_126' title='bbox 439 2107 582 2151; x_wconf 83' lang='lat' dir='ltr'>cere</span> <span class='ocrx_word' id='word_1_127' title='bbox 629 2094 894 2152; x_wconf 89' lang='lat' dir='ltr'>conatur</span> <span class='ocrx_word' id='word_1_128' title='bbox 940 2096 1011 2153; x_wconf 93' lang='lat' dir='ltr'>ut</span> <span class='ocrx_word' id='word_1_129' title='bbox 1055 2111 1274 2154; x_wconf 92' lang='lat' dir='ltr'>omnes</span> <span class='ocrx_word' id='word_1_130' title='bbox 1321 2112 1538 2154; x_wconf 89' lang='lat' dir='ltr'>earum</span> <span class='ocrx_word' id='word_1_131' title='bbox 1583 2092 1927 2177; x_wconf 83' lang='lat' dir='ltr'>participes</span> <span class='ocrx_word' id='word_1_132' title='bbox 1972 2091 2126 2154; x_wconf 89' lang='lat' dir='ltr'>fiant</span> <span class='ocrx_word' id='word_1_133' title='bbox 2173 2096 2238 2154; x_wconf 90' lang='lat' dir='ltr'>et</span> <span class='ocrx_word' id='word_1_134' title='bbox 2282 2111 2321 2152; x_wconf 90' lang='lat' dir='ltr'>a</span> <span class='ocrx_word' id='word_1_135' title='bbox 2363 2090 2583 2172; x_wconf 91' lang='lat' dir='ltr'>malis,</span> <span class='ocrx_word' id='word_1_136' title='bbox 2653 2089 2883 2175; x_wconf 87' lang='lat' dir='ltr'>quibus</span> 
     </span>
     <span class='ocr_line' id='line_1_17' title="bbox 439 2205 2880 2291; baseline 0 -23"><span class='ocrx_word' id='word_1_137' title='bbox 439 2205 802 2269; x_wconf 89' lang='lat' dir='ltr'>cruciantur</span> <span class='ocrx_word' id='word_1_138' title='bbox 860 2213 1220 2291; x_wconf 90' lang='lat' dir='ltr'>per·totam</span> <span class='ocrx_word' id='word_1_139' title='bbox 1265 2208 1498 2290; x_wconf 85' lang='lat' dir='ltr'>vitam,</span> <span class='ocrx_word' id='word_1_140' title='bbox 1546 2208 1918 2271; x_wconf 85' lang='lat' dir='ltr'>liberentur.</span> <span class='ocrx_word' id='word_1_141' title='bbox 2009 2207 2261 2270; x_wconf 88' lang='lat' dir='ltr'>Horum</span> <span class='ocrx_word' id='word_1_142' title='bbox 2309 2212 2525 2270; x_wconf 92' lang='lat' dir='ltr'>autem</span> <span class='ocrx_word' id='word_1_143' title='bbox 2567 2207 2880 2270; x_wconf 87' lang='lat' dir='ltr'>malorum</span> 
     </span>
     <span class='ocr_line' id='line_1_18' title="bbox 441 2323 2882 2407; baseline 0.001 -22"><span class='ocrx_word' id='word_1_144' title='bbox 441 2323 722 2386; x_wconf 91' lang='lat' dir='ltr'>omnium</span> <span class='ocrx_word' id='word_1_145' title='bbox 791 2329 1000 2388; x_wconf 89' lang='lat' dir='ltr'>metus</span> <span class='ocrx_word' id='word_1_146' title='bbox 1068 2330 1134 2389; x_wconf 90' lang='lat' dir='ltr'>et</span> <span class='ocrx_word' id='word_1_147' title='bbox 1201 2331 1405 2388; x_wconf 90' lang='lat' dir='ltr'>terror</span> <span class='ocrx_word' id='word_1_148' title='bbox 1471 2331 1618 2389; x_wconf 88' lang='lat' dir='ltr'>sunt</span> <span class='ocrx_word' id='word_1_149' title='bbox 1666 2346 1892 2389; x_wconf 90' lang='lat' dir='ltr'>causae</span> <span class='ocrx_word' id='word_1_150' title='bbox 1913 2374 1929 2407; x_wconf 96' lang='lat'>,</span> <span class='ocrx_word' id='word_1_151' title='bbox 1997 2330 2207 2387; x_wconf 88' lang='lat' dir='ltr'>metus</span> <span class='ocrx_word' id='word_1_152' title='bbox 2250 2345 2468 2387; x_wconf 90' lang='lat' dir='ltr'>rursus</span> <span class='ocrx_word' id='word_1_153' title='bbox 2513 2330 2578 2388; x_wconf 91' lang='lat' dir='ltr'>et</span> <span class='ocrx_word' id='word_1_154' title='bbox 2623 2324 2882 2387; x_wconf 89' lang='lat' dir='ltr'>terroris</span> 
     </span>
     <span class='ocr_line' id='line_1_19' title="bbox 442 2439 2879 2526; baseline 0 -25"><span class='ocrx_word' id='word_1_155' title='bbox 442 2458 631 2503; x_wconf 89' lang='lat' dir='ltr'>causa</span> <span class='ocrx_word' id='word_1_156' title='bbox 697 2446 793 2504; x_wconf 87' lang='lat' dir='ltr'>est</span> <span class='ocrx_word' id='word_1_157' title='bbox 861 2441 1261 2524; x_wconf 79' lang='lat' dir='ltr'>ignorantia:</span> <span class='ocrx_word' id='word_1_158' title='bbox 1337 2446 1645 2526; x_wconf 87' lang='lat' dir='ltr'>„temptat</span> <span class='ocrx_word' id='word_1_159' title='bbox 1710 2440 1882 2503; x_wconf 90' lang='lat' dir='ltr'>enim</span> <span class='ocrx_word' id='word_1_160' title='bbox 1952 2439 2209 2503; x_wconf 89' lang='lat' dir='ltr'>dubiam</span> <span class='ocrx_word' id='word_1_161' title='bbox 2269 2444 2550 2502; x_wconf 89' lang='lat' dir='ltr'>mentem</span> <span class='ocrx_word' id='word_1_162' title='bbox 2617 2439 2879 2502; x_wconf 87' lang='lat' dir='ltr'>rationis</span> 
     </span>
     <span class='ocr_line' id='line_1_20' title="bbox 441 2556 2876 2642; baseline 0 -22"><span class='ocrx_word' id='word_1_163' title='bbox 441 2557 729 2640; x_wconf 88' lang='lat' dir='ltr'>egestas&#39;’</span> <span class='ocrx_word' id='word_1_164' title='bbox 757 2558 800 2620; x_wconf 84' lang='lat'>².</span> <span class='ocrx_word' id='word_1_165' title='bbox 867 2558 1185 2622; x_wconf 90' lang='lat' dir='ltr'>Homines</span> <span class='ocrx_word' id='word_1_166' title='bbox 1231 2580 1375 2622; x_wconf 92' lang='lat' dir='ltr'>cum</span> <span class='ocrx_word' id='word_1_167' title='bbox 1419 2564 1685 2640; x_wconf 78' lang='lat' dir='ltr'>ventOS,</span> <span class='ocrx_word' id='word_1_168' title='bbox 1732 2557 2034 2640; x_wconf 88' lang='lat' dir='ltr'>fulmina,</span> <span class='ocrx_word' id='word_1_169' title='bbox 2081 2563 2289 2621; x_wconf 87' lang='lat' dir='ltr'>terrae</span> <span class='ocrx_word' id='word_1_170' title='bbox 2329 2562 2579 2639; x_wconf 76' lang='lat' dir='ltr'>motuS,</span> <span class='ocrx_word' id='word_1_171' title='bbox 2627 2556 2876 2642; x_wconf 89' lang='lat' dir='ltr'>aliaque</span> 
     </span>
     <span class='ocr_line' id='line_1_21' title="bbox 437 2673 2879 2763; baseline 0.001 -26"><span class='ocrx_word' id='word_1_172' title='bbox 437 2673 882 2759; x_wconf 90' lang='lat' dir='ltr'>phaenomena</span> <span class='ocrx_word' id='word_1_173' title='bbox 942 2677 1265 2763; x_wconf 85' lang='lat' dir='ltr'>explicare</span> <span class='ocrx_word' id='word_1_174' title='bbox 1309 2700 1438 2741; x_wconf 90' lang='lat' dir='ltr'>non</span> <span class='ocrx_word' id='word_1_175' title='bbox 1481 2683 1781 2763; x_wconf 86' lang='lat' dir='ltr'>possent,</span> <span class='ocrx_word' id='word_1_176' title='bbox 1852 2676 1970 2739; x_wconf 91' lang='lat' dir='ltr'>diis</span> <span class='ocrx_word' id='word_1_177' title='bbox 2016 2697 2093 2740; x_wconf 89' lang='lat' dir='ltr'>ea</span> <span class='ocrx_word' id='word_1_178' title='bbox 2134 2675 2542 2758; x_wconf 88' lang='lat' dir='ltr'>tribuebant,</span> <span class='ocrx_word' id='word_1_179' title='bbox 2610 2697 2879 2762; x_wconf 91' lang='lat' dir='ltr'>quorum</span> 
     </span>
     <span class='ocr_line' id='line_1_22' title="bbox 435 2790 2871 2879; baseline 0.002 -25"><span class='ocrx_word' id='word_1_180' title='bbox 435 2790 748 2876; x_wconf 84' lang='lat' dir='ltr'>imagines</span> <span class='ocrx_word' id='word_1_181' title='bbox 807 2793 875 2856; x_wconf 91' lang='lat' dir='ltr'>in</span> <span class='ocrx_word' id='word_1_182' title='bbox 913 2795 1156 2858; x_wconf 84' lang='lat' dir='ltr'>somnis</span> <span class='ocrx_word' id='word_1_183' title='bbox 1199 2796 1326 2858; x_wconf 91' lang='lat' dir='ltr'>iam</span> <span class='ocrx_word' id='word_1_184' title='bbox 1372 2794 1665 2859; x_wconf 84' lang='lat' dir='ltr'>viderant</span> <span class='ocrx_word' id='word_1_185' title='bbox 1698 2792 1768 2876; x_wconf 77' lang='lat'>³).</span> <span class='ocrx_word' id='word_1_186' title='bbox 1859 2794 2041 2858; x_wconf 90' lang='lat' dir='ltr'>Idem</span> <span class='ocrx_word' id='word_1_187' title='bbox 2084 2793 2431 2879; x_wconf 88' lang='lat' dir='ltr'>Epicurus:</span> <span class='ocrx_word' id='word_1_188' title='bbox 2494 2796 2699 2879; x_wconf 82' lang='grc' dir='ltr'>ὥσπερ</span> <span class='ocrx_word' id='word_1_189' title='bbox 2746 2796 2871 2879; x_wconf 79' lang='grc' dir='ltr'>γὰρ</span> 
     </span>
     <span class='ocr_line' id='line_1_23' title="bbox 437 2908 2876 2998; baseline 0 -24"><span class='ocrx_word' id='word_1_190' title='bbox 437 2912 474 2974; x_wconf 84' lang='grc' dir='ltr'>ὁ</span> <span class='ocrx_word' id='word_1_191' title='bbox 519 2920 630 2986; x_wconf 83' lang='grc' dir='ltr'>τῆς</span> <span class='ocrx_word' id='word_1_192' title='bbox 672 2910 960 2997; x_wconf 81' lang='grc' dir='ltr'>βροντῆς</span> <span class='ocrx_word' id='word_1_193' title='bbox 1005 2916 1283 2993; x_wconf 77' lang='grc' dir='ltr'>κτύπος,</span> <span class='ocrx_word' id='word_1_194' title='bbox 1350 2915 1513 2980; x_wconf 66' lang='grc' dir='ltr'>καθά</span> <span class='ocrx_word' id='word_1_195' title='bbox 1559 2931 1751 2998; x_wconf 83' lang='grc' dir='ltr'>φασιν</span> <span class='ocrx_word' id='word_1_196' title='bbox 1798 2913 2243 2998; x_wconf 77' lang='grc' dir='ltr'>Ἐπικουρείων</span> <span class='ocrx_word' id='word_1_197' title='bbox 2287 2908 2537 2987; x_wconf 73' lang='grc' dir='ltr'>παῖδες,</span> <span class='ocrx_word' id='word_1_198' title='bbox 2600 2912 2676 2978; x_wconf 81' lang='grc' dir='ltr'>οὗ</span> <span class='ocrx_word' id='word_1_199' title='bbox 2723 2915 2876 2978; x_wconf 63' lang='grc' dir='ltr'>θεοῦ</span> 
     </span>
     <span class='ocr_line' id='line_1_24' title="bbox 435 3026 2879 3113; baseline 0 -22"><span class='ocrx_word' id='word_1_200' title='bbox 435 3028 606 3104; x_wconf 87' lang='grc' dir='ltr'>τινὸς</span> <span class='ocrx_word' id='word_1_201' title='bbox 655 3031 1013 3113; x_wconf 80' lang='grc' dir='ltr'>ἐπιφάνειαν</span> <span class='ocrx_word' id='word_1_202' title='bbox 1060 3034 1339 3113; x_wconf 79' lang='grc' dir='ltr'>σημαίνει</span> <span class='ocrx_word' id='word_1_203' title='bbox 1385 3029 1556 3097; x_wconf 79' lang='grc' dir='ltr'>ἀλλὰ</span> <span class='ocrx_word' id='word_1_204' title='bbox 1602 3039 1736 3109; x_wconf 84' lang='grc' dir='ltr'>τοῖς</span> <span class='ocrx_word' id='word_1_205' title='bbox 1784 3027 2055 3105; x_wconf 76' lang='grc' dir='ltr'>ἰδιώταις</span> <span class='ocrx_word' id='word_1_206' title='bbox 2101 3034 2197 3095; x_wconf 82' lang='grc' dir='ltr'>καὶ</span> <span class='ocrx_word' id='word_1_207' title='bbox 2246 3026 2879 3112; x_wconf 75' lang='grc' dir='ltr'>ὃεισιδαίμοσιτοιοῦ·</span> 
     </span>
     <span class='ocr_line' id='line_1_25' title="bbox 435 3137 2879 3233; baseline 0.001 -26"><span class='ocrx_word' id='word_1_208' title='bbox 435 3170 544 3219; x_wconf 87' lang='grc' dir='ltr'>τος</span> <span class='ocrx_word' id='word_1_209' title='bbox 592 3144 745 3210; x_wconf 82' lang='grc' dir='ltr'>εἶναι</span> <span class='ocrx_word' id='word_1_210' title='bbox 793 3142 1119 3221; x_wconf 73' lang='grc' dir='ltr'>δοξάζεται</span> <span class='ocrx_word' id='word_1_211' title='bbox 1137 3144 1181 3229; x_wconf 82' lang='lat'>4)</span> <span class='ocrx_word' id='word_1_212' title='bbox 1221 3196 1235 3209; x_wconf 92' lang='grc'><strong>.</strong></span> <span class='ocrx_word' id='word_1_213' title='bbox 1271 3196 1286 3210; x_wconf 92' lang='grc'><strong>.</strong></span> <span class='ocrx_word' id='word_1_214' title='bbox 1322 3196 1335 3210; x_wconf 93' lang='grc'><strong>.</strong></span> <span class='ocrx_word' id='word_1_215' title='bbox 1425 3148 1810 3233; x_wconf 77' lang='grc' dir='ltr'>Ἐπίκουρος</span> <span class='ocrx_word' id='word_1_216' title='bbox 1855 3146 1918 3214; x_wconf 77' lang='grc' dir='ltr'>δὲ</span> <span class='ocrx_word' id='word_1_217' title='bbox 1964 3150 2027 3212; x_wconf 78' lang='grc' dir='ltr'>ἐκ</span> <span class='ocrx_word' id='word_1_218' title='bbox 2071 3153 2198 3212; x_wconf 81' lang='grc' dir='ltr'>τῶν</span> <span class='ocrx_word' id='word_1_219' title='bbox 2244 3137 2395 3212; x_wconf 80' lang='grc' dir='ltr'>κατὰ</span> <span class='ocrx_word' id='word_1_220' title='bbox 2440 3150 2591 3227; x_wconf 85' lang='grc' dir='ltr'>τοὺς</span> <span class='ocrx_word' id='word_1_221' title='bbox 2637 3146 2879 3222; x_wconf 70' lang='grc' dir='ltr'>ὕπνους</span> 
     </span>
     <span class='ocr_line' id='line_1_26' title="bbox 439 3262 2877 3349; baseline 0.001 -25"><span class='ocrx_word' id='word_1_222' title='bbox 439 3266 802 3343; x_wconf 79' lang='grc' dir='ltr'>φαντασιῶν</span> <span class='ocrx_word' id='word_1_223' title='bbox 847 3262 1035 3327; x_wconf 74' lang='grc' dir='ltr'>οἴεται</span> <span class='ocrx_word' id='word_1_224' title='bbox 1080 3267 1231 3339; x_wconf 83' lang='grc' dir='ltr'>τοὺς</span> <span class='ocrx_word' id='word_1_225' title='bbox 1276 3264 1660 3348; x_wconf 65' lang='grc' dir='ltr'>ἀνθρώπους</span> <span class='ocrx_word' id='word_1_226' title='bbox 1707 3264 1959 3329; x_wconf 77' lang='grc' dir='ltr'>ἔννοιαν</span> <span class='ocrx_word' id='word_1_227' title='bbox 1990 3266 2310 3328; x_wconf 80' lang='grc' dir='ltr'>ἐσπακέναι</span> <span class='ocrx_word' id='word_1_228' title='bbox 2337 3266 2489 3327; x_wconf 63' lang='grc' dir='ltr'>θεοῦ</span> <span class='ocrx_word' id='word_1_229' title='bbox 2518 3282 2532 3296; x_wconf 90' lang='grc'>·</span> <span class='ocrx_word' id='word_1_230' title='bbox 2577 3262 2877 3349; x_wconf 77' lang='grc' dir='ltr'>μεγάλων</span> 
     </span>
     <span class='ocr_line' id='line_1_27' title="bbox 438 3375 2875 3466; baseline 0.002 -26"><span class='ocrx_word' id='word_1_231' title='bbox 438 3377 563 3462; x_wconf 79' lang='grc' dir='ltr'>γὰρ</span> <span class='ocrx_word' id='word_1_232' title='bbox 615 3375 931 3459; x_wconf 76' lang='grc' dir='ltr'>εἰδώλων,</span> <span class='ocrx_word' id='word_1_233' title='bbox 1000 3384 1194 3466; x_wconf 85' lang='grc' dir='ltr'>φησί,</span> <span class='ocrx_word' id='word_1_234' title='bbox 1242 3385 1337 3445; x_wconf 76' lang='grc' dir='ltr'>καὶ</span> <span class='ocrx_word' id='word_1_235' title='bbox 1387 3380 1957 3466; x_wconf 63' lang='grc' dir='ltr'>ἆνθρωπομόρφων</span> <span class='ocrx_word' id='word_1_236' title='bbox 2004 3381 2155 3445; x_wconf 82' lang='grc' dir='ltr'>κατὰ</span> <span class='ocrx_word' id='word_1_237' title='bbox 2200 3383 2350 3459; x_wconf 85' lang='grc' dir='ltr'>τοὺς</span> <span class='ocrx_word' id='word_1_238' title='bbox 2395 3379 2637 3455; x_wconf 76' lang='grc' dir='ltr'>ὕπνους</span> <span class='ocrx_word' id='word_1_239' title='bbox 2680 3407 2875 3465; x_wconf 85' lang='grc' dir='ltr'>προς-</span> 
     </span>
     <span class='ocr_line' id='line_1_28' title="bbox 432 3494 2879 3583; baseline 0.002 -26"><span class='ocrx_word' id='word_1_240' title='bbox 432 3497 796 3559; x_wconf 85' lang='grc' dir='ltr'>πιπτόυτων</span> <span class='ocrx_word' id='word_1_241' title='bbox 869 3494 1202 3583; x_wconf 74' lang='grc' dir='ltr'>ὑπέλαβον</span> <span class='ocrx_word' id='word_1_242' title='bbox 1268 3502 1362 3563; x_wconf 80' lang='grc' dir='ltr'>καὶ</span> <span class='ocrx_word' id='word_1_243' title='bbox 1410 3507 1546 3577; x_wconf 79' lang='grc' dir='ltr'>ταῖς</span> <span class='ocrx_word' id='word_1_244' title='bbox 1593 3497 1921 3572; x_wconf 62' lang='grc' dir='ltr'>ἀληθείαις</span> <span class='ocrx_word' id='word_1_245' title='bbox 1968 3498 2278 3581; x_wconf 78' lang='grc' dir='ltr'>ὑπάρχειν</span> <span class='ocrx_word' id='word_1_246' title='bbox 2322 3496 2505 3571; x_wconf 80' lang='grc' dir='ltr'>τινὰς</span> <span class='ocrx_word' id='word_1_247' title='bbox 2551 3499 2879 3571; x_wconf 75' lang='grc' dir='ltr'>τοιούτους</span> 
     </span>
     <span class='ocr_line' id='line_1_29' title="bbox 434 3611 2875 3699; baseline 0 -25"><span class='ocrx_word' id='word_1_248' title='bbox 434 3612 621 3686; x_wconf 66' lang='grc' dir='ltr'>θεοὺς</span> <span class='ocrx_word' id='word_1_249' title='bbox 669 3611 1266 3699; x_wconf 64' lang='grc' dir='ltr'>ἆυθρωπομόρφους</span> <span class='ocrx_word' id='word_1_250' title='bbox 1297 3615 1369 3697; x_wconf 82' lang='lat'>⁵).</span> <span class='ocrx_word' id='word_1_251' title='bbox 1461 3615 1622 3678; x_wconf 83' lang='lat' dir='ltr'>Cum</span> <span class='ocrx_word' id='word_1_252' title='bbox 1667 3634 1881 3677; x_wconf 90' lang='lat' dir='ltr'>rerum</span> <span class='ocrx_word' id='word_1_253' title='bbox 1928 3619 2217 3677; x_wconf 87' lang='lat' dir='ltr'>naturam</span> <span class='ocrx_word' id='word_1_254' title='bbox 2264 3634 2392 3677; x_wconf 90' lang='lat' dir='ltr'>non</span> <span class='ocrx_word' id='word_1_255' title='bbox 2436 3612 2875 3698; x_wconf 89' lang='lat' dir='ltr'>perspicerent</span> 
     </span>
     <span class='ocr_line' id='line_1_30' title="bbox 432 3728 2875 3816; baseline 0.001 -28"><span class='ocrx_word' id='word_1_256' title='bbox 432 3746 655 3790; x_wconf 81' lang='lat' dir='ltr'>verum</span> <span class='ocrx_word' id='word_1_257' title='bbox 721 3728 1068 3813; x_wconf 88' lang='lat' dir='ltr'>perfectam</span> <span class='ocrx_word' id='word_1_258' title='bbox 1135 3751 1276 3794; x_wconf 90' lang='lat' dir='ltr'>eam</span> <span class='ocrx_word' id='word_1_259' title='bbox 1345 3752 1482 3795; x_wconf 88' lang='lat' dir='ltr'>esse</span> <span class='ocrx_word' id='word_1_260' title='bbox 1551 3730 2005 3816; x_wconf 89' lang='lat' dir='ltr'>opinarentur,</span> <span class='ocrx_word' id='word_1_261' title='bbox 2074 3728 2194 3793; x_wconf 92' lang='lat' dir='ltr'>hoc</span> <span class='ocrx_word' id='word_1_262' title='bbox 2254 3729 2657 3793; x_wconf 87' lang='lat' dir='ltr'>adlaudabile</span> <span class='ocrx_word' id='word_1_263' title='bbox 2717 3750 2875 3814; x_wconf 91' lang='lat' dir='ltr'>opus</span> 
     </span>
     <span class='ocr_line' id='line_1_31' title="bbox 434 3838 2875 3931; baseline 0.002 -27"><span class='ocrx_word' id='word_1_264' title='bbox 434 3838 736 3906; x_wconf 82' lang='lat' dir='ltr'>divinitus</span> <span class='ocrx_word' id='word_1_265' title='bbox 781 3864 920 3908; x_wconf 88' lang='lat' dir='ltr'>esse</span> <span class='ocrx_word' id='word_1_266' title='bbox 965 3851 1258 3931; x_wconf 87' lang='lat' dir='ltr'>paratum</span> <span class='ocrx_word' id='word_1_267' title='bbox 1301 3846 1678 3928; x_wconf 88' lang='lat' dir='ltr'>credebant,</span> <span class='ocrx_word' id='word_1_268' title='bbox 1732 3851 1924 3931; x_wconf 89' lang='lat' dir='ltr'>atque</span> <span class='ocrx_word' id='word_1_269' title='bbox 1971 3866 2006 3909; x_wconf 91' lang='lat' dir='ltr'>e</span> <span class='ocrx_word' id='word_1_270' title='bbox 2051 3845 2252 3909; x_wconf 87' lang='lat' dir='ltr'>nihilo</span> <span class='ocrx_word' id='word_1_271' title='bbox 2299 3844 2449 3909; x_wconf 91' lang='lat' dir='ltr'>deos</span> <span class='ocrx_word' id='word_1_272' title='bbox 2489 3845 2701 3909; x_wconf 90' lang='lat' dir='ltr'>omnia</span> <span class='ocrx_word' id='word_1_273' title='bbox 2733 3866 2875 3931; x_wconf 91' lang='lat' dir='ltr'>pro-</span> 
     </span>
     <span class='ocr_line' id='line_1_32' title="bbox 433 3960 2875 4049; baseline 0.001 -26"><span class='ocrx_word' id='word_1_274' title='bbox 433 3978 677 4025; x_wconf 88' lang='lat' dir='ltr'>creasse</span> <span class='ocrx_word' id='word_1_275' title='bbox 709 3960 780 4045; x_wconf 78' lang='grc'>6).</span> <span class='ocrx_word' id='word_1_276' title='bbox 869 3962 1242 4047; x_wconf 87' lang='lat' dir='ltr'>Ignorantia</span> <span class='ocrx_word' id='word_1_277' title='bbox 1284 3985 1472 4049; x_wconf 82' lang='lat' dir='ltr'>porro</span> <span class='ocrx_word' id='word_1_278' title='bbox 1515 3964 1775 4030; x_wconf 89' lang='lat' dir='ltr'>adducti</span> <span class='ocrx_word' id='word_1_279' title='bbox 1794 4012 1811 4045; x_wconf 91' lang='lat'>,</span> <span class='ocrx_word' id='word_1_280' title='bbox 1884 3962 2135 4045; x_wconf 89' lang='lat' dir='ltr'>„omnia</span> <span class='ocrx_word' id='word_1_281' title='bbox 2177 3982 2363 4048; x_wconf 88' lang='lat' dir='ltr'>posse</span> <span class='ocrx_word' id='word_1_282' title='bbox 2408 3961 2613 4047; x_wconf 90' lang='lat' dir='ltr'>(deos)</span> <span class='ocrx_word' id='word_1_283' title='bbox 2658 3961 2875 4026; x_wconf 88' lang='lat' dir='ltr'>miseri</span> 
     </span>
    </p>
   </div>
   <div class='ocr_carea' id='block_1_4' title="bbox 435 4126 821 4138">
    <p class='ocr_par' dir='ltr' id='par_1_5' title="bbox 435 4126 821 4138">
     <span class='ocr_line' id='line_1_33' title="bbox 435 4126 821 4138; baseline 0 1221"><span class='ocrx_word' id='word_1_284' title='bbox 435 4126 821 4138; x_wconf 95' lang='lat' dir='ltr'> </span> 
     </span>
    </p>
   </div>
   <div class='ocr_carea' id='block_1_5' title="bbox 494 4218 1601 4756">
    <p class='ocr_par' dir='ltr' id='par_1_6' title="bbox 497 4218 906 4283">
     <span class='ocr_line' id='line_1_34' title="bbox 497 4218 906 4283; baseline 0 -14"><span class='ocrx_word' id='word_1_285' title='bbox 497 4218 536 4283; x_wconf 88' lang='lat'>¹)</span> <span class='ocrx_word' id='word_1_286' title='bbox 604 4220 694 4283; x_wconf 87' lang='grc' dir='ltr'>ΙΙ,</span> <span class='ocrx_word' id='word_1_287' title='bbox 734 4224 906 4270; x_wconf 89' lang='grc'><strong>1-13.</strong></span> 
     </span>
    </p>

    <p class='ocr_par' dir='ltr' id='par_1_7' title="bbox 495 4314 858 4381">
     <span class='ocr_line' id='line_1_35' title="bbox 495 4314 858 4381; baseline -0.006 -15"><span class='ocrx_word' id='word_1_288' title='bbox 495 4314 535 4381; x_wconf 83' lang='lat'>²)</span> <span class='ocrx_word' id='word_1_289' title='bbox 604 4315 678 4376; x_wconf 88' lang='lat' dir='ltr'>V,</span> <span class='ocrx_word' id='word_1_290' title='bbox 718 4319 858 4365; x_wconf 85' lang='lat'>1211.</span> 
     </span>
    </p>

    <p class='ocr_par' dir='ltr' id='par_1_8' title="bbox 495 4409 1050 4471">
     <span class='ocr_line' id='line_1_36' title="bbox 495 4409 1050 4471; baseline -0.002 -11"><span class='ocrx_word' id='word_1_291' title='bbox 495 4412 532 4468; x_wconf 71' lang='grc'>8)</span> <span class='ocrx_word' id='word_1_292' title='bbox 597 4409 678 4471; x_wconf 93' lang='lat' dir='ltr'>V,</span> <span class='ocrx_word' id='word_1_293' title='bbox 715 4412 1050 4460; x_wconf 86' lang='lat'>1161—1240.</span> 
     </span>
    </p>

    <p class='ocr_par' dir='ltr' id='par_1_9' title="bbox 494 4502 1601 4756">
     <span class='ocr_line' id='line_1_37' title="bbox 494 4502 1592 4569; baseline 0 -14"><span class='ocrx_word' id='word_1_294' title='bbox 494 4502 536 4567; x_wconf 80' lang='lat'>⁴)</span> <span class='ocrx_word' id='word_1_295' title='bbox 605 4503 741 4555; x_wconf 84' lang='lat' dir='ltr'>Sext.</span> <span class='ocrx_word' id='word_1_296' title='bbox 775 4504 919 4568; x_wconf 78' lang='lat' dir='ltr'>Emp-</span> <span class='ocrx_word' id='word_1_297' title='bbox 954 4505 1067 4555; x_wconf 82' lang='lat' dir='ltr'>adv.</span> <span class='ocrx_word' id='word_1_298' title='bbox 1101 4505 1333 4555; x_wconf 71' lang='lat' dir='ltr'>matham.</span> <span class='ocrx_word' id='word_1_299' title='bbox 1366 4505 1444 4556; x_wconf 93' lang='lat' dir='ltr'>V1</span> <span class='ocrx_word' id='word_1_300' title='bbox 1462 4542 1478 4569; x_wconf 91' lang='lat'>,</span> <span class='ocrx_word' id='word_1_301' title='bbox 1517 4509 1592 4555; x_wconf 83' lang='lat'>19.</span> 
     </span>
     <span class='ocr_line' id='line_1_38' title="bbox 497 4597 1601 4663; baseline 0.001 -15"><span class='ocrx_word' id='word_1_302' title='bbox 497 4597 538 4660; x_wconf 78' lang='lat'>⁵)</span> <span class='ocrx_word' id='word_1_303' title='bbox 606 4598 742 4649; x_wconf 82' lang='lat' dir='ltr'>Sext.</span> <span class='ocrx_word' id='word_1_304' title='bbox 776 4598 925 4661; x_wconf 81' lang='lat' dir='ltr'>Emp.</span> <span class='ocrx_word' id='word_1_305' title='bbox 959 4599 1068 4650; x_wconf 73' lang='lat' dir='ltr'>adv.</span> <span class='ocrx_word' id='word_1_306' title='bbox 1102 4598 1334 4649; x_wconf 79' lang='lat' dir='ltr'>mathem.</span> <span class='ocrx_word' id='word_1_307' title='bbox 1373 4600 1453 4651; x_wconf 90' lang='lat' dir='ltr'>IX</span> <span class='ocrx_word' id='word_1_308' title='bbox 1472 4636 1488 4663; x_wconf 91' lang='lat'>,</span> <span class='ocrx_word' id='word_1_309' title='bbox 1523 4602 1601 4650; x_wconf 84' lang='lat'>25.</span> 
     </span>
     <span class='ocr_line' id='line_1_39' title="bbox 496 4690 1257 4756; baseline -0.001 -13"><span class='ocrx_word' id='word_1_310' title='bbox 496 4690 537 4756; x_wconf 81' lang='lat'>⁶)</span> <span class='ocrx_word' id='word_1_311' title='bbox 604 4692 683 4756; x_wconf 87' lang='lat' dir='ltr'>V,</span> <span class='ocrx_word' id='word_1_312' title='bbox 721 4696 841 4755; x_wconf 83' lang='lat'>166,</span> <span class='ocrx_word' id='word_1_313' title='bbox 880 4694 983 4744; x_wconf 89' lang='lat'><strong>198.</strong></span> <span class='ocrx_word' id='word_1_314' title='bbox 1049 4692 1110 4754; x_wconf 93' lang='lat'>1,</span> <span class='ocrx_word' id='word_1_315' title='bbox 1150 4695 1257 4743; x_wconf 85' lang='lat'>150.</span> 
     </span>
    </p>
   </div>
   <div class='ocr_carea' id='block_1_6' title="bbox 2493 4795 2619 4861">
    <p class='ocr_par' dir='ltr' id='par_1_10' title="bbox 2493 4795 2619 4861">
     <span class='ocr_line' id='line_1_40' title="bbox 2493 4795 2619 4861; baseline 0 0"><span class='ocrx_word' id='word_1_316' title='bbox 2493 4795 2619 4861; x_wconf 77' lang='lat'>11*</span> 
     </span>
    </p>
   </div>
  </div>
 </body>
</html>
