3529 5359
1884 362 2027 424 ,28

757 568 977 628 autem
1047 562 1363 648 Epicurus
1429 562 1682 648 scripsit
1714 560 1801 646 ¹),
1870 563 2092 648 procul
2162 562 2354 627 dubio
2424 583 2576 648 ergo
2643 564 2815 628 inter
2859 585 2967 628 eos
3014 565 3205 630 etiam

758 686 978 745 contra
1045 680 1484 765 Heraclitum,
1587 701 1778 767 quem
1853 679 2247 745 turbatorem
2324 682 2644 764 (κυκητὴν)
2719 703 2978 747 vocasse
3059 682 3204 748 dici·

759 803 865 862 tur
895 797 966 881 ²).
1039 797 1224 872 Quod
1269 804 1486 862 autem
1529 798 1598 862 in
1643 798 1891 862 Stoicos
1936 797 2353 862 vehementer
2397 799 2688 864 invectus
2734 806 2830 863 est
2861 821 3203 886 eorumque

759 914 1264 1000 philosophiam,
1292 915 1769 1000 opportunitate
1802 915 1984 997 data,
2010 914 2339 999 redarguit
2362 921 2427 978 et
2450 935 2535 979 ex
2558 922 2974 1004 utrorumque
3004 917 3206 981 inimi-

763 1032 932 1118 citiis
978 1032 1267 1118 sequitur
1312 1038 1377 1096 et
1417 1053 1609 1117 supra
1637 1032 1766 1096 iam
1799 1031 2299 1096 demonstratum
2332 1038 2427 1096 est
2452 1053 2571 1096 nec
2600 1054 2728 1097 non
2759 1033 2989 1099 deinde
3020 1057 3207 1120 appa-

761 1151 945 1215 rebit.
1038 1151 1196 1226 Quis
1227 1151 1443 1234 igitur,
1491 1149 1867 1235 praesertim
1900 1171 2045 1214 cum
2074 1150 2203 1214 iam
2234 1155 2524 1234 constet,
2573 1152 2948 1216 Lucretium
2980 1153 3205 1228 omnia,

762 1288 925 1354 quae
970 1267 1140 1332 hunc
1186 1268 1396 1332 locum
1442 1267 1867 1352 praecedunt,
1916 1287 1999 1330 ex
2047 1267 2329 1354 Epicuro¹
2372 1269 2757 1353 sumpsisse,
2805 1268 2975 1355 quod
3020 1271 3211 1334 etiam

763 1385 843 1449 de
887 1385 1002 1468 iis,
1047 1385 1156 1471 qui
1185 1383 1301 1448 hos
1346 1385 1802 1470 insequuntur,
1850 1384 2139 1448 versibus
2181 1385 2551 1449 ostendetur
2574 1435 2591 1468 ,
2638 1385 2930 1450 dubitare
2960 1392 3209 1472 potest,

763 1499 922 1565 haec
993 1500 1206 1564 omnia
1271 1507 1612 1585 reputans,
1682 1500 1835 1585 quin
1902 1505 2094 1585 poeta
2160 1500 2227 1563 in
2294 1498 2414 1565 hac
2477 1521 2728 1587 quoque
2775 1502 2985 1586 operis
3030 1508 3211 1588 parte

764 1617 1117 1704 Epicurum
1183 1624 1434 1683 tantum
1503 1619 1961 1704 interpretatus
2009 1618 2089 1684 sit
2111 1619 2141 1681 P
2233 1617 2419 1693 Quod
2464 1619 2517 1682 si
2563 1619 2705 1704 quis
2752 1640 2787 1682 e
2831 1640 2924 1682 vs.
2977 1621 3099 1683 639
3148 1626 3214 1684 et

765 1741 889 1802 643
937 1737 1185 1803 efficere
1230 1738 1428 1801 vellet
1473 1737 1888 1819 Lucretium,
1958 1759 2103 1801 cum
2148 1736 2465 1802 Heracliti
2512 1737 2886 1801 elocutionis
2930 1739 3213 1824 proprie-

763 1862 930 1920 tates
973 1861 1465 1938 commemoret,
1526 1856 1666 1941 ipsa
1709 1854 2071 1940 philosophi
2118 1873 2312 1940 opera
2356 1854 2630 1939 legisse,
2678 1855 2805 1919 iam
2852 1856 3004 1919 satis
3049 1856 3211 1940 erit,

767 1975 820 2038 si
887 1975 1365 2056 monuerimuS,
1440 1974 1772 2038 obscuram
1842 1973 2129 2056 linguam
2196 1973 2518 2037 Heracliti
2586 1980 2871 2058 tempore
2930 1974 3213 2038 Lucretii

765 2091 894 2156 iam
985 2091 1094 2155 diu
1179 2092 1248 2155 in
1330 2089 1739 2177 proverbium
1822 2089 2053 2153 abiisse
2096 2089 2175 2172 ³),
2260 2110 2405 2153 cum
2476 2090 2613 2175 ipse
2682 2089 3037 2176 Epicurus,
3104 2091 3213 2176 qui

766 2209 984 2293 magni
1063 2208 1217 2274 fecit
1295 2206 1638 2273 dilucidam
1711 2207 2063 2272 orationem
2087 2204 2137 2288 ⁴)
2160 2256 2175 2287 ,
2252 2227 2381 2271 non
2450 2206 2737 2271 omiserit
2803 2206 2924 2272 hoc
2985 2208 3211 2271 vitium

765 2327 1222 2413 perstringere.
1297 2327 1592 2412 Denique
1639 2325 1873 2407 omnia,
1920 2345 2082 2410 quae
2126 2324 2367 2408 profert
2410 2344 2501 2387 vs.
2552 2325 2915 2406 665—689,
2961 2345 3212 2410 prorsus

766 2444 1110 2509 concinunt
1181 2465 1327 2508 cum
1387 2443 1649 2530 Epicuri
1709 2442 1919 2506 verbis
1949 2439 2036 2524 ⁵):
2108 2447 2205 2507 καὶ
2251 2443 2375 2522 μὴν
2423 2445 2519 2506 καὶ
2564 2439 2681 2516 nig-
2726 2440 3005 2522 ἀτόμους
3051 2469 3212 2524 νομι-

766 2565 949 2627 στέον
1019 2559 1322 2645 μηδεμίαν
1367 2563 1669 2637 ποιότητα
1713 2567 1845 2625 τῶν
1890 2561 2284 2645 φαινομένων
2329 2561 2795 2644 προσφέρεσθαι
2839 2558 3015 2635 πλὴν
3061 2562 3211 2645 σχή·

763 2709 960 2762 ματος
1034 2685 1129 2745 καὶ
1191 2677 1443 2765 βάρους
1498 2684 1594 2745 καὶ
1639 2681 1945 2762 μεγέθους
1996 2682 2092 2742 καὶ
2143 2679 2261 2742 ὅσα
2310 2674 2377 2751 ἐξ
2422 2674 2704 2763 ἀνάγκης
2751 2679 3025 2763 σχήματι
3070 2706 3212 2759 συμ-

766 2808 888 2883 φυῆ
934 2801 1060 2863 ἐστι
1091 2818 1108 2833 ·
1155 2798 1420 2874 ποιότης
1465 2794 1588 2882 γᾶρ
1635 2801 1808 2861 πᾶσα
1852 2792 2285 2881 μεταβάλλει,
2344 2796 2407 2862 αἱ
2454 2790 2507 2860 δ’
2541 2793 2761 2874 ἄτομοι
2805 2791 2991 2860 οὐδὲν
3035 2822 3210 2877 μετα·

763 2909 1174 2999 βάλλουσιν,
1251 2908 1571 2996 ἐπειδήπερ
1648 2907 1738 2977 δεῖ
1810 2938 1868 2975 τι
1942 2911 2269 2991 ὑπομένειν
2342 2912 2409 2975 ἐν
2481 2917 2621 2985 ταῖς
2696 2905 3020 2975 διαλύσεσι
3082 2914 3207 2975 τῶν

766 3034 1159 3116 συγκρίσεων
1205 3030 1460 3115 στερεὸν
1507 3032 1602 3094 καὶ
1652 3024 2031 3103 ἀδιάλυτον,
2080 3026 2115 3091 ὃ
2162 3027 2276 3106 τὰς
2321 3024 2695 3111 μεταβολὰς
2739 3026 2854 3092 οὐκ
2898 3030 2987 3101 εἰς
3016 3028 3086 3092 τὸ
3122 3029 3205 3110 μὴ

766 3148 844 3213 ὂν
911 3151 1231 3224 ποιήσεται
1297 3143 1430 3213 οὐδ’
1498 3150 1560 3213 ἐκ
1625 3152 1738 3211 τόυ
1807 3146 1892 3227 μὴ
1962 3146 2196 3227 ὄντος,
2260 3142 2432 3209 ἀλλὰ
2502 3141 2655 3209 κατὰ
2698 3147 3052 3224 μεταθέσεις
3094 3150 3206 3228 μὲν

765 3262 1081 3342 πολλῶν,
1141 3267 1332 3329 τινῶν
1378 3260 1440 3329 δὲ
1488 3267 1584 3328 καὶ
1631 3257 2000 3348 προσόδους
2047 3264 2145 3325 καὶ
2191 3255 2496 3346 ἀφόδους.
2544 3260 2698 3325 ὃθεν
2746 3258 3089 3347 ἀναγκαῖον
3130 3259 3204 3326 τιὶ

765 3383 848 3459 μὴ
899 3384 1330 3462 μετατιθέμενα
1399 3381 1690 3465 ἄφθαρτα
1759 3379 1913 3445 εἶναι
1974 3382 2068 3444 καὶ
2116 3379 2233 3455 τὴν
2278 3384 2390 3443 τοῦ
2436 3374 2970 3464 μεταβάλλοντος
3016 3380 3204 3463 φύσιν

766 3499 882 3565 οὐκ
926 3499 1222 3586 ἕχοντα.”
1312 3498 1609 3563 Fortasse
1653 3497 1818 3563 hanc
1865 3496 2133 3561 eandem
2199 3496 2533 3561 materiam
2598 3495 2913 3581 copiosius
2955 3495 3023 3559 in
3065 3515 3204 3581 per·

767 3615 914 3679 ditis
960 3616 1255 3681 tractavit
1301 3616 1551 3701 scriptis
1595 3615 1941 3700 Epicurus,
1990 3614 2307 3679 Heracliti
2350 3612 2604 3699 placitis
2650 3613 2913 3677 collatis,

849 3733 914 3797 Ν
916 3754 996 3797 on
1063 3733 1375 3797 minorem
1439 3732 1754 3819 impendit
1820 3752 2077 3817 operam
2146 3730 2485 3795 Lucretius
2550 3732 2979 3814 Anaxagorae
3023 3730 3204 3795 refel-

764 3849 992 3914 lendae
1061 3850 1382 3915 doctrinae
1449 3872 1540 3915 vs.
1611 3852 1977 3915 830—920.
2067 3848 2307 3914 Iisdem
2375 3849 2510 3914 fere
2572 3848 2967 3934 argumentis
3010 3854 3199 3935 poeta

833 4142 868 4205 ¹)
940 4140 1016 4191 Of.
1052 4141 1130 4190 ad.
1167 4144 1211 4189 3.

829 4238 870 4301 ²)
943 4238 1005 4287 D.
1073 4238 1131 4287 L.
1167 4237 1253 4297 X,
1289 4240 1334 4286 8.

829 4333 866 4393 3)
935 4332 1087 4382 Arist.
1123 4332 1185 4381 de
1218 4331 1410 4382 Mundo
1441 4347 1482 4381 c.
1519 4334 1580 4392 5,
1632 4347 1680 4394 p.
1717 4333 1812 4381 396
1846 4330 1963 4380 odit.
2002 4328 2224 4380 Bekker:
2280 4330 2442 4380 ταὺτὸ
2479 4329 2529 4380 δε
2564 4332 2716 4380 τοῦτο
2750 4330 2816 4390 ἥν
2850 4330 2933 4377 καὶ
2971 4332 3031 4382 τὸ
3065 4333 3209 4396 παρὰ

764 4430 838 4492 τῷ
893 4430 1132 4492 σκοτεινῷ
1185 4426 1458 4493 λεγόμενον
1490 4424 1816 4492 Ἡρακλείτῳ.
1884 4422 1985 4475 Cic.
2038 4424 2099 4473 de
2149 4422 2261 4473 Fin.
2311 4423 2398 4484 II,
2455 4426 2527 4473 15.
2598 4423 2768 4473 Senec.
2822 4420 2983 4485 Epist.
3028 4426 3121 4485 12,
3158 4425 3203 4477 7.

763 4519 876 4571 Liv.
910 4520 1136 4580 XXIII,
1171 4522 1263 4580 39,
1299 4523 1344 4570 3.

826 4615 868 4680 4)
939 4616 1000 4665 D.
1037 4616 1095 4665 L.
1129 4615 1209 4675 X,
1257 4618 1330 4665 13.

826 4712 868 4778 ⁵)
937 4712 1002 4761 D.
1038 4712 1096 4761 L.
1132 4712 1210 4772 X,
1251 4714 1328 4761 54.
