<?xml version="1.0" encoding="UTF-8"?>
<!DOCTYPE html PUBLIC "-//W3C//DTD XHTML 1.0 Transitional//EN"
    "http://www.w3.org/TR/xhtml1/DTD/xhtml1-transitional.dtd">
<html xmlns="http://www.w3.org/1999/xhtml" xml:lang="en" lang="en">
 <head>
  <title>
</title>
<meta http-equiv="Content-Type" content="text/html;charset=utf-8" />
  <meta name='ocr-system' content='tesseract 3.04.00' />
  <meta name='ocr-capabilities' content='ocr_page ocr_carea ocr_par ocr_line ocrx_word'/>
</head>
<body>
  <div class='ocr_page' id='page_1' title='image "./lucretiiphiloso01woltgoog_0013.png"; bbox 0 0 3529 5359; ppageno 0'>
   <div class='ocr_carea' id='block_1_1' title="bbox 1027 1115 2137 1250">
    <p class='ocr_par' dir='ltr' id='par_1_1' title="bbox 1027 1115 2137 1250">
     <span class='ocr_line' id='line_1_1' title="bbox 1027 1115 2137 1250; baseline 0.005 -6"><span class='ocrx_word' id='word_1_1' title='bbox 1027 1115 2137 1250; x_wconf 84' lang='lat' dir='ltr'>PROOEMIUM.</span> 
     </span>
    </p>
   </div>
   <div class='ocr_carea' id='block_1_2' title="bbox 364 1969 2855 3931">
    <p class='ocr_par' dir='ltr' id='par_1_2' title="bbox 364 1969 2855 3931">
     <span class='ocr_line' id='line_1_2' title="bbox 463 1969 2814 2061; baseline 0.001 -26"><span class='ocrx_word' id='word_1_2' title='bbox 463 1971 717 2035; x_wconf 82' lang='lat' dir='ltr'>Nullius</span> <span class='ocrx_word' id='word_1_3' title='bbox 761 1969 1122 2057; x_wconf 87' lang='lat' dir='ltr'>philosophi</span> <span class='ocrx_word' id='word_1_4' title='bbox 1168 1970 1454 2034; x_wconf 85' lang='lat' dir='ltr'><strong>doctrina</strong></span> <span class='ocrx_word' id='word_1_5' title='bbox 1497 1971 1701 2055; x_wconf 88' lang='lat' dir='ltr'><strong>magis</strong></span> <span class='ocrx_word' id='word_1_6' title='bbox 1746 1972 1993 2036; x_wconf 89' lang='lat' dir='ltr'><strong>Romae</strong></span> <span class='ocrx_word' id='word_1_7' title='bbox 2038 1973 2249 2037; x_wconf 88' lang='lat' dir='ltr'><strong>floruit</strong></span> <span class='ocrx_word' id='word_1_8' title='bbox 2295 1995 2484 2059; x_wconf 86' lang='lat' dir='ltr'><strong>quam</strong></span> <span class='ocrx_word' id='word_1_9' title='bbox 2516 1973 2777 2061; x_wconf 87' lang='lat' dir='ltr'><strong>Epicuri</strong></span> <span class='ocrx_word' id='word_1_10' title='bbox 2796 2023 2814 2058; x_wconf 91' lang='lat'>‚</span> 
     </span>
     <span class='ocr_line' id='line_1_3' title="bbox 379 2088 2815 2176; baseline 0.002 -26"><span class='ocrx_word' id='word_1_11' title='bbox 379 2088 558 2151; x_wconf 90' lang='lat' dir='ltr'><strong>cuius</strong></span> <span class='ocrx_word' id='word_1_12' title='bbox 623 2088 915 2173; x_wconf 85' lang='lat' dir='ltr'><strong>discipuli</strong></span> <span class='ocrx_word' id='word_1_13' title='bbox 987 2094 1491 2176; x_wconf 82' lang='lat' dir='ltr'><strong>sectatoresque,</strong></span> <span class='ocrx_word' id='word_1_14' title='bbox 1566 2089 1807 2170; x_wconf 86' lang='lat' dir='ltr'><strong>„multa</strong></span> <span class='ocrx_word' id='word_1_15' title='bbox 1862 2111 2005 2154; x_wconf 92' lang='lat' dir='ltr'><strong>cum</strong></span> <span class='ocrx_word' id='word_1_16' title='bbox 2052 2091 2493 2175; x_wconf 80' lang='lat' dir='ltr'><strong>scripsissent,</strong></span> <span class='ocrx_word' id='word_1_17' title='bbox 2560 2092 2815 2156; x_wconf 88' lang='lat' dir='ltr'><strong>Italiam</strong></span> 
     </span>
     <span class='ocr_line' id='line_1_4' title="bbox 378 2206 2816 2294; baseline 0.002 -27"><span class='ocrx_word' id='word_1_18' title='bbox 378 2210 576 2268; x_wconf 90' lang='lat' dir='ltr'><strong>totam</strong></span> <span class='ocrx_word' id='word_1_19' title='bbox 637 2207 1149 2291; x_wconf 88' lang='lat' dir='ltr'><strong>occupaverunt”</strong></span> <span class='ocrx_word' id='word_1_20' title='bbox 1193 2208 1273 2289; x_wconf 89' lang='lat'><strong>¹);</strong></span> <span class='ocrx_word' id='word_1_21' title='bbox 1342 2207 1481 2291; x_wconf 89' lang='lat' dir='ltr'><strong>ipsa</strong></span> <span class='ocrx_word' id='word_1_22' title='bbox 1543 2227 1792 2293; x_wconf 92' lang='lat' dir='ltr'><strong>quoque</strong></span> <span class='ocrx_word' id='word_1_23' title='bbox 1845 2207 2222 2288; x_wconf 90' lang='lat' dir='ltr'><strong>„multitudo</strong></span> <span class='ocrx_word' id='word_1_24' title='bbox 2268 2206 2348 2271; x_wconf 90' lang='lat' dir='ltr'><strong>ad</strong></span> <span class='ocrx_word' id='word_1_25' title='bbox 2393 2208 2660 2272; x_wconf 90' lang='lat' dir='ltr'><strong>eandem</strong></span> <span class='ocrx_word' id='word_1_26' title='bbox 2706 2231 2816 2294; x_wconf 93' lang='lat' dir='ltr'><strong>po-</strong></span> 
     </span>
     <span class='ocr_line' id='line_1_5' title="bbox 377 2302 2817 2410; baseline 0.001 -24"><span class='ocrx_word' id='word_1_27' title='bbox 377 2323 689 2386; x_wconf 90' lang='lat' dir='ltr'><strong>tissimum</strong></span> <span class='ocrx_word' id='word_1_28' title='bbox 759 2343 826 2386; x_wconf 89' lang='lat' dir='ltr'><strong>se</strong></span> <span class='ocrx_word' id='word_1_29' title='bbox 895 2323 1166 2387; x_wconf 88' lang='lat' dir='ltr'><strong>contulit</strong></span> <span class='ocrx_word' id='word_1_30' title='bbox 1237 2324 1704 2410; x_wconf 86' lang='lat' dir='ltr'><strong>disciplinam”.</strong></span> <span class='ocrx_word' id='word_1_31' title='bbox 1790 2323 1973 2387; x_wconf 89' lang='lat' dir='ltr'><strong>Haec</strong></span> <span class='ocrx_word' id='word_1_32' title='bbox 2034 2323 2356 2388; x_wconf 83' lang='lat' dir='ltr'><strong>Ciceronis</strong></span> <span class='ocrx_word' id='word_1_33' title='bbox 2402 2324 2572 2388; x_wconf 86' lang='lat' dir='ltr'><strong>dicta</strong></span> <span class='ocrx_word' id='word_1_34' title='bbox 2599 2302 2817 2389; x_wconf 36' lang='lat' dir='ltr'><strong>&#39;Volu-</strong></span> 
     </span>
     <span class='ocr_line' id='line_1_6' title="bbox 376 2440 2855 2528; baseline 0.002 -26"><span class='ocrx_word' id='word_1_35' title='bbox 376 2441 549 2504; x_wconf 85' lang='lat' dir='ltr'><strong>mina</strong></span> <span class='ocrx_word' id='word_1_36' title='bbox 607 2440 1116 2505; x_wconf 69' lang='lat' dir='ltr'><strong>Herculanensis,</strong></span> <span class='ocrx_word' id='word_1_37' title='bbox 1158 2440 1421 2505; x_wconf 92' lang='lat' dir='ltr'><strong>huiusce</strong></span> <span class='ocrx_word' id='word_1_38' title='bbox 1468 2442 1704 2505; x_wconf 90' lang='lat' dir='ltr'><strong>saeculi</strong></span> <span class='ocrx_word' id='word_1_39' title='bbox 1747 2441 1928 2504; x_wconf 91' lang='lat' dir='ltr'><strong>initio</strong></span> <span class='ocrx_word' id='word_1_40' title='bbox 1974 2441 2041 2504; x_wconf 91' lang='lat' dir='ltr'><strong>in</strong></span> <span class='ocrx_word' id='word_1_41' title='bbox 2088 2441 2254 2505; x_wconf 91' lang='lat' dir='ltr'><strong>diem</strong></span> <span class='ocrx_word' id='word_1_42' title='bbox 2300 2442 2549 2528; x_wconf 86' lang='lat' dir='ltr'><strong>prodita</strong></span> <span class='ocrx_word' id='word_1_43' title='bbox 2592 2442 2815 2506; x_wconf 89' lang='lat' dir='ltr'><strong>confir·</strong></span> <span class='ocrx_word' id='word_1_44' title='bbox 2852 2441 2855 2445; x_wconf 74' lang='grc'>’</span> 
     </span>
     <span class='ocr_line' id='line_1_7' title="bbox 375 2558 2814 2646; baseline 0.002 -26"><span class='ocrx_word' id='word_1_45' title='bbox 375 2563 594 2640; x_wconf 88' lang='lat' dir='ltr'><strong>mant,</strong></span> <span class='ocrx_word' id='word_1_46' title='bbox 652 2579 794 2621; x_wconf 92' lang='lat' dir='ltr'><strong>cum</strong></span> <span class='ocrx_word' id='word_1_47' title='bbox 840 2579 1044 2642; x_wconf 88' lang='lat' dir='ltr'><strong>pauca</strong></span> <span class='ocrx_word' id='word_1_48' title='bbox 1088 2559 1198 2622; x_wconf 87' lang='lat' dir='ltr'><strong>illa</strong></span> <span class='ocrx_word' id='word_1_49' title='bbox 1241 2558 1636 2642; x_wconf 81' lang='lat' dir='ltr'><strong>fragmenta,</strong></span> <span class='ocrx_word' id='word_1_50' title='bbox 1697 2579 1860 2644; x_wconf 91' lang='lat' dir='ltr'><strong>quae</strong></span> <span class='ocrx_word' id='word_1_51' title='bbox 1908 2579 1990 2622; x_wconf 85' lang='lat' dir='ltr'><strong>ex</strong></span> <span class='ocrx_word' id='word_1_52' title='bbox 2036 2559 2173 2644; x_wconf 87' lang='lat' dir='ltr'><strong>ipsa</strong></span> <span class='ocrx_word' id='word_1_53' title='bbox 2218 2560 2597 2646; x_wconf 90' lang='lat' dir='ltr'><strong>antiquitate</strong></span> <span class='ocrx_word' id='word_1_54' title='bbox 2645 2566 2814 2624; x_wconf 76' lang='lat' dir='ltr'><strong>aeta-</strong></span> 
     </span>
     <span class='ocr_line' id='line_1_8' title="bbox 378 2676 2812 2763; baseline 0.001 -24"><span class='ocrx_word' id='word_1_55' title='bbox 378 2682 509 2740; x_wconf 91' lang='lat' dir='ltr'><strong>tem</strong></span> <span class='ocrx_word' id='word_1_56' title='bbox 577 2676 896 2759; x_wconf 89' lang='lat' dir='ltr'><strong>tulerunt‚</strong></span> <span class='ocrx_word' id='word_1_57' title='bbox 965 2698 1092 2740; x_wconf 89' lang='lat' dir='ltr'><strong>non</strong></span> <span class='ocrx_word' id='word_1_58' title='bbox 1138 2676 1340 2740; x_wconf 89' lang='lat' dir='ltr'><strong>solum</strong></span> <span class='ocrx_word' id='word_1_59' title='bbox 1385 2698 1617 2761; x_wconf 88' lang='lat' dir='ltr'><strong>magna</strong></span> <span class='ocrx_word' id='word_1_60' title='bbox 1663 2698 1746 2740; x_wconf 86' lang='lat' dir='ltr'><strong>ex</strong></span> <span class='ocrx_word' id='word_1_61' title='bbox 1792 2683 1973 2762; x_wconf 88' lang='lat' dir='ltr'><strong>parte</strong></span> <span class='ocrx_word' id='word_1_62' title='bbox 2022 2698 2055 2741; x_wconf 92' lang='lat' dir='ltr'><strong>e</strong></span> <span class='ocrx_word' id='word_1_63' title='bbox 2104 2676 2555 2763; x_wconf 90' lang='lat' dir='ltr'><strong>discipulorum</strong></span> <span class='ocrx_word' id='word_1_64' title='bbox 2599 2677 2812 2761; x_wconf 88' lang='lat' dir='ltr'><strong>libris,</strong></span> 
     </span>
     <span class='ocr_line' id='line_1_9' title="bbox 364 2778 2815 2880; baseline 0.001 -24"><span class='ocrx_word' id='word_1_65' title='bbox 364 2814 600 2878; x_wconf 60' lang='lat' dir='ltr'><strong>verum</strong></span> <span class='ocrx_word' id='word_1_66' title='bbox 655 2794 847 2857; x_wconf 90' lang='lat' dir='ltr'><strong>etiam</strong></span> <span class='ocrx_word' id='word_1_67' title='bbox 897 2814 980 2857; x_wconf 87' lang='lat' dir='ltr'><strong>ex</strong></span> <span class='ocrx_word' id='word_1_68' title='bbox 1027 2794 1224 2878; x_wconf 88' lang='lat' dir='ltr'><strong>ipsius</strong></span> <span class='ocrx_word' id='word_1_69' title='bbox 1269 2793 1532 2878; x_wconf 90' lang='lat' dir='ltr'><strong>Epicuri</strong></span> <span class='ocrx_word' id='word_1_70' title='bbox 1577 2778 1869 2857; x_wconf 80' lang='lat' dir='ltr'><strong>constent</strong></span> <span class='ocrx_word' id='word_1_71' title='bbox 1914 2795 2182 2880; x_wconf 88' lang='lat' dir='ltr'><strong>scriptis.</strong></span> <span class='ocrx_word' id='word_1_72' title='bbox 2273 2795 2454 2859; x_wconf 85' lang='lat' dir='ltr'><strong>Idem</strong></span> <span class='ocrx_word' id='word_1_73' title='bbox 2501 2800 2815 2859; x_wconf 86' lang='lat' dir='ltr'><strong>testantur</strong></span> 
     </span>
     <span class='ocr_line' id='line_1_10' title="bbox 372 2909 2809 2997; baseline 0.001 -24"><span class='ocrx_word' id='word_1_74' title='bbox 372 2909 834 2995; x_wconf 89' lang='lat' dir='ltr'><strong>Epicureorum</strong></span> <span class='ocrx_word' id='word_1_75' title='bbox 881 2909 1202 2974; x_wconf 84' lang='lat' dir='ltr'><strong>Ciceronis</strong></span> <span class='ocrx_word' id='word_1_76' title='bbox 1231 2910 1592 2997; x_wconf 87' lang='lat' dir='ltr'><strong>aequalium</strong></span> <span class='ocrx_word' id='word_1_77' title='bbox 1623 2911 1883 2975; x_wconf 89' lang='lat' dir='ltr'><strong>nomina</strong></span> <span class='ocrx_word' id='word_1_78' title='bbox 1908 2960 1925 2993; x_wconf 87' lang='lat'>,</span> <span class='ocrx_word' id='word_1_79' title='bbox 1971 2932 2238 2997; x_wconf 85' lang='lat' dir='ltr'><strong>quorum</strong></span> <span class='ocrx_word' id='word_1_80' title='bbox 2270 2912 2595 2975; x_wconf 84' lang='lat' dir='ltr'><strong>notissima</strong></span> <span class='ocrx_word' id='word_1_81' title='bbox 2628 2916 2809 2975; x_wconf 78' lang='lat' dir='ltr'><strong>sunt:</strong></span> 
     </span>
     <span class='ocr_line' id='line_1_11' title="bbox 377 3026 2813 3111; baseline 0.001 -22"><span class='ocrx_word' id='word_1_82' title='bbox 377 3026 452 3090; x_wconf 88' lang='grc' dir='ltr'><strong>Τ.</strong></span> <span class='ocrx_word' id='word_1_83' title='bbox 498 3026 801 3091; x_wconf 90' lang='lat' dir='ltr'><strong>Albutius</strong></span> <span class='ocrx_word' id='word_1_84' title='bbox 825 3026 923 3111; x_wconf 86' lang='lat'><strong>²),</strong></span> <span class='ocrx_word' id='word_1_85' title='bbox 994 3027 1063 3092; x_wconf 94' lang='lat' dir='ltr'><strong>C.</strong></span> <span class='ocrx_word' id='word_1_86' title='bbox 1111 3026 1402 3091; x_wconf 90' lang='lat' dir='ltr'><strong>Velleius</strong></span> <span class='ocrx_word' id='word_1_87' title='bbox 1427 3027 1513 3111; x_wconf 79' lang='lat'>²³),</span> <span class='ocrx_word' id='word_1_88' title='bbox 1576 3027 1645 3092; x_wconf 92' lang='lat' dir='ltr'><strong>C.</strong></span> <span class='ocrx_word' id='word_1_89' title='bbox 1695 3028 1914 3093; x_wconf 88' lang='lat' dir='ltr'><strong>Catius</strong></span> <span class='ocrx_word' id='word_1_90' title='bbox 1937 3030 2031 3111; x_wconf 76' lang='lat'><strong>4),</strong></span> <span class='ocrx_word' id='word_1_91' title='bbox 2101 3028 2171 3093; x_wconf 93' lang='lat' dir='ltr'><strong>C.</strong></span> <span class='ocrx_word' id='word_1_92' title='bbox 2242 3028 2498 3093; x_wconf 85' lang='lat' dir='ltr'><strong>Cassius</strong></span> <span class='ocrx_word' id='word_1_93' title='bbox 2524 3079 2540 3111; x_wconf 88' lang='lat'>‚</span> <span class='ocrx_word' id='word_1_94' title='bbox 2588 3028 2658 3093; x_wconf 88' lang='lat' dir='ltr'><strong>C.</strong></span> <span class='ocrx_word' id='word_1_95' title='bbox 2699 3027 2813 3092; x_wconf 89' lang='lat' dir='ltr'><strong>Vi-</strong></span> 
     </span>
     <span class='ocr_line' id='line_1_12' title="bbox 376 3143 2815 3232; baseline 0.001 -26"><span class='ocrx_word' id='word_1_96' title='bbox 376 3143 520 3206; x_wconf 91' lang='lat' dir='ltr'><strong>bius</strong></span> <span class='ocrx_word' id='word_1_97' title='bbox 563 3144 776 3208; x_wconf 90' lang='lat' dir='ltr'><strong>Pansa</strong></span> <span class='ocrx_word' id='word_1_98' title='bbox 799 3150 891 3228; x_wconf 85' lang='lat'><strong>⁵),</strong></span> <span class='ocrx_word' id='word_1_99' title='bbox 939 3144 1014 3208; x_wconf 90' lang='lat' dir='ltr'><strong>L.</strong></span> <span class='ocrx_word' id='word_1_100' title='bbox 1061 3145 1254 3227; x_wconf 82' lang='lat' dir='ltr'><strong>Piso,</strong></span> <span class='ocrx_word' id='word_1_101' title='bbox 1303 3144 1634 3229; x_wconf 80' lang='lat' dir='ltr'><strong>Statilius,</strong></span> <span class='ocrx_word' id='word_1_102' title='bbox 1682 3146 1758 3209; x_wconf 91' lang='lat' dir='ltr'><strong>L.</strong></span> <span class='ocrx_word' id='word_1_103' title='bbox 1805 3145 2085 3209; x_wconf 87' lang='lat' dir='ltr'><strong>Manlius</strong></span> <span class='ocrx_word' id='word_1_104' title='bbox 2129 3145 2487 3232; x_wconf 87' lang='lat' dir='ltr'><strong>Torquatus</strong></span> <span class='ocrx_word' id='word_1_105' title='bbox 2512 3151 2599 3230; x_wconf 76' lang='grc' dir='ltr'><strong>ὃ);</strong></span> <span class='ocrx_word' id='word_1_106' title='bbox 2646 3146 2815 3209; x_wconf 90' lang='lat' dir='ltr'><strong>inter</strong></span> 
     </span>
     <span class='ocr_line' id='line_1_13' title="bbox 377 3259 2813 3347; baseline 0.001 -25"><span class='ocrx_word' id='word_1_107' title='bbox 377 3259 764 3346; x_wconf 93' lang='lat' dir='ltr'><strong>antiquiores</strong></span> <span class='ocrx_word' id='word_1_108' title='bbox 808 3266 1023 3323; x_wconf 88' lang='lat' dir='ltr'><strong>autem</strong></span> <span class='ocrx_word' id='word_1_109' title='bbox 1070 3260 1395 3324; x_wconf 86' lang='lat' dir='ltr'><strong>Romanos</strong></span> <span class='ocrx_word' id='word_1_110' title='bbox 1426 3261 1766 3347; x_wconf 87' lang='lat' dir='ltr'><strong>scriptores</strong></span> <span class='ocrx_word' id='word_1_111' title='bbox 1795 3260 2043 3324; x_wconf 90' lang='lat' dir='ltr'><strong>Ennius</strong></span> <span class='ocrx_word' id='word_1_112' title='bbox 2073 3267 2264 3347; x_wconf 86' lang='lat' dir='ltr'><strong>poeta</strong></span> <span class='ocrx_word' id='word_1_113' title='bbox 2283 3310 2299 3343; x_wconf 89' lang='lat'>‚</span> <span class='ocrx_word' id='word_1_114' title='bbox 2347 3261 2466 3324; x_wconf 87' lang='lat' dir='ltr'><strong>etsi</strong></span> <span class='ocrx_word' id='word_1_115' title='bbox 2497 3261 2564 3325; x_wconf 90' lang='lat' dir='ltr'><strong>in</strong></span> <span class='ocrx_word' id='word_1_116' title='bbox 2595 3282 2813 3325; x_wconf 89' lang='lat' dir='ltr'><strong>eorum</strong></span> 
     </span>
     <span class='ocr_line' id='line_1_14' title="bbox 375 3378 2814 3463; baseline 0.001 -24"><span class='ocrx_word' id='word_1_117' title='bbox 375 3398 712 3440; x_wconf 89' lang='lat' dir='ltr'><strong>numerum</strong></span> <span class='ocrx_word' id='word_1_118' title='bbox 780 3398 909 3440; x_wconf 92' lang='lat' dir='ltr'><strong>non</strong></span> <span class='ocrx_word' id='word_1_119' title='bbox 969 3378 1180 3461; x_wconf 84' lang='lat' dir='ltr'><strong>cadit,</strong></span> <span class='ocrx_word' id='word_1_120' title='bbox 1250 3384 1466 3442; x_wconf 88' lang='lat' dir='ltr'><strong>tamen</strong></span> <span class='ocrx_word' id='word_1_121' title='bbox 1522 3400 1666 3442; x_wconf 92' lang='lat' dir='ltr'><strong>cum</strong></span> <span class='ocrx_word' id='word_1_122' title='bbox 1711 3382 1779 3441; x_wconf 91' lang='lat' dir='ltr'><strong>et</strong></span> <span class='ocrx_word' id='word_1_123' title='bbox 1822 3378 2279 3463; x_wconf 89' lang='lat' dir='ltr'><strong>interpretatus</strong></span> <span class='ocrx_word' id='word_1_124' title='bbox 2325 3384 2389 3441; x_wconf 90' lang='lat' dir='ltr'><strong>et</strong></span> <span class='ocrx_word' id='word_1_125' title='bbox 2435 3383 2687 3442; x_wconf 92' lang='lat' dir='ltr'><strong>secutus</strong></span> <span class='ocrx_word' id='word_1_126' title='bbox 2732 3379 2814 3442; x_wconf 92' lang='lat' dir='ltr'><strong>sit</strong></span> 
     </span>
     <span class='ocr_line' id='line_1_15' title="bbox 377 3493 2811 3582; baseline 0.001 -25"><span class='ocrx_word' id='word_1_127' title='bbox 377 3500 632 3579; x_wconf 87' lang='lat' dir='ltr'><strong>praeter</strong></span> <span class='ocrx_word' id='word_1_128' title='bbox 676 3500 920 3558; x_wconf 91' lang='lat' dir='ltr'><strong>ceteros</strong></span> <span class='ocrx_word' id='word_1_129' title='bbox 965 3493 1399 3558; x_wconf 88' lang='lat' dir='ltr'><strong>Euhemerum</strong></span> <span class='ocrx_word' id='word_1_130' title='bbox 1429 3496 1473 3579; x_wconf 75' lang='grc'><strong>7)</strong></span> <span class='ocrx_word' id='word_1_131' title='bbox 1521 3516 1722 3582; x_wconf 90' lang='lat' dir='ltr'><strong>eoque</strong></span> <span class='ocrx_word' id='word_1_132' title='bbox 1768 3496 1948 3579; x_wconf 83' lang='lat' dir='ltr'><strong>vulgi</strong></span> <span class='ocrx_word' id='word_1_133' title='bbox 1991 3495 2284 3580; x_wconf 86' lang='lat' dir='ltr'><strong>religioni</strong></span> <span class='ocrx_word' id='word_1_134' title='bbox 2316 3516 2382 3559; x_wconf 92' lang='lat' dir='ltr'><strong>se</strong></span> <span class='ocrx_word' id='word_1_135' title='bbox 2413 3496 2811 3581; x_wconf 89' lang='lat' dir='ltr'><strong>opposuerit,</strong></span> 
     </span>
     <span class='ocr_line' id='line_1_16' title="bbox 375 3610 2812 3698; baseline 0.001 -25"><span class='ocrx_word' id='word_1_136' title='bbox 375 3610 455 3673; x_wconf 91' lang='lat' dir='ltr'><strong>iis</strong></span> <span class='ocrx_word' id='word_1_137' title='bbox 499 3611 668 3675; x_wconf 85' lang='lat' dir='ltr'><strong>viam</strong></span> <span class='ocrx_word' id='word_1_138' title='bbox 713 3611 976 3694; x_wconf 87' lang='lat' dir='ltr'><strong>stravit,</strong></span> <span class='ocrx_word' id='word_1_139' title='bbox 1025 3632 1218 3698; x_wconf 89' lang='lat' dir='ltr'><strong>quare</strong></span> <span class='ocrx_word' id='word_1_140' title='bbox 1265 3612 1457 3676; x_wconf 87' lang='lat' dir='ltr'><strong>etiam</strong></span> <span class='ocrx_word' id='word_1_141' title='bbox 1503 3612 1692 3675; x_wconf 90' lang='lat' dir='ltr'><strong>toties</strong></span> <span class='ocrx_word' id='word_1_142' title='bbox 1738 3612 1875 3675; x_wconf 91' lang='lat' dir='ltr'><strong>eius</strong></span> <span class='ocrx_word' id='word_1_143' title='bbox 1907 3611 2100 3675; x_wconf 92' lang='lat' dir='ltr'><strong>solius</strong></span> <span class='ocrx_word' id='word_1_144' title='bbox 2128 3612 2295 3676; x_wconf 90' lang='lat' dir='ltr'><strong>inter</strong></span> <span class='ocrx_word' id='word_1_145' title='bbox 2325 3616 2546 3698; x_wconf 92' lang='lat' dir='ltr'><strong>poetas</strong></span> <span class='ocrx_word' id='word_1_146' title='bbox 2578 3611 2812 3675; x_wconf 86' lang='lat' dir='ltr'><strong>Roma-</strong></span> 
     </span>
     <span class='ocr_line' id='line_1_17' title="bbox 370 3726 2811 3811; baseline 0 -21"><span class='ocrx_word' id='word_1_147' title='bbox 370 3749 486 3791; x_wconf 89' lang='lat' dir='ltr'><strong>nos</strong></span> <span class='ocrx_word' id='word_1_148' title='bbox 529 3748 749 3792; x_wconf 88' lang='lat' dir='ltr'><strong>versus</strong></span> <span class='ocrx_word' id='word_1_149' title='bbox 791 3726 1009 3795; x_wconf 85' lang='lat' dir='ltr'><strong>laudat</strong></span> <span class='ocrx_word' id='word_1_150' title='bbox 1054 3728 1391 3793; x_wconf 83' lang='lat' dir='ltr'><strong>Lucretius</strong></span> <span class='ocrx_word' id='word_1_151' title='bbox 1436 3728 1650 3792; x_wconf 87' lang='lat' dir='ltr'><strong>addito</strong></span> <span class='ocrx_word' id='word_1_152' title='bbox 1674 3729 1931 3793; x_wconf 90' lang='lat' dir='ltr'><strong>nomine</strong></span> <span class='ocrx_word' id='word_1_153' title='bbox 1985 3728 2299 3811; x_wconf 83' lang='lat' dir='ltr'><strong>„noster”‚</strong></span> <span class='ocrx_word' id='word_1_154' title='bbox 2344 3728 2595 3791; x_wconf 90' lang='lat' dir='ltr'><strong>etiamsi</strong></span> <span class='ocrx_word' id='word_1_155' title='bbox 2627 3727 2811 3791; x_wconf 88' lang='lat' dir='ltr'><strong>dictis</strong></span> 
     </span>
     <span class='ocr_line' id='line_1_18' title="bbox 377 3843 2813 3931; baseline 0.001 -24"><span class='ocrx_word' id='word_1_156' title='bbox 377 3844 515 3907; x_wconf 91' lang='lat' dir='ltr'><strong>eius</strong></span> <span class='ocrx_word' id='word_1_157' title='bbox 559 3865 683 3907; x_wconf 90' lang='lat' dir='ltr'><strong>non</strong></span> <span class='ocrx_word' id='word_1_158' title='bbox 730 3844 1020 3909; x_wconf 89' lang='lat' dir='ltr'><strong>omnibus</strong></span> <span class='ocrx_word' id='word_1_159' title='bbox 1063 3844 1254 3909; x_wconf 87' lang='lat' dir='ltr'><strong>fidem</strong></span> <span class='ocrx_word' id='word_1_160' title='bbox 1298 3844 1493 3909; x_wconf 85' lang='lat' dir='ltr'><strong>habet</strong></span> <span class='ocrx_word' id='word_1_161' title='bbox 1516 3846 1586 3928; x_wconf 84' lang='lat'><strong>⁸).</strong></span> <span class='ocrx_word' id='word_1_162' title='bbox 1683 3846 1938 3909; x_wconf 89' lang='lat' dir='ltr'><strong>Primus</strong></span> <span class='ocrx_word' id='word_1_163' title='bbox 1982 3844 2337 3931; x_wconf 87' lang='lat' dir='ltr'><strong>Epicureus</strong></span> <span class='ocrx_word' id='word_1_164' title='bbox 2382 3844 2648 3931; x_wconf 90' lang='lat' dir='ltr'><strong>scriptor</strong></span> <span class='ocrx_word' id='word_1_165' title='bbox 2692 3843 2813 3909; x_wconf 79' lang='lat' dir='ltr'><strong>fuit</strong></span> 
     </span>
    </p>
   </div>
   <div class='ocr_carea' id='block_1_3' title="bbox 377 4012 771 4021">
    <p class='ocr_par' dir='ltr' id='par_1_3' title="bbox 377 4012 771 4021">
     <span class='ocr_line' id='line_1_19' title="bbox 377 4012 771 4021; baseline 0 0"><span class='ocrx_word' id='word_1_166' title='bbox 377 4012 771 4021; x_wconf 95' lang='lat' dir='ltr'><strong> </strong></span> 
     </span>
    </p>
   </div>
   <div class='ocr_carea' id='block_1_4' title="bbox 393 4102 2683 4832">
    <p class='ocr_par' dir='ltr' id='par_1_4' title="bbox 393 4102 2683 4832">
     <span class='ocr_line' id='line_1_20' title="bbox 441 4102 1139 4169; baseline -0.003 -15"><span class='ocrx_word' id='word_1_167' title='bbox 441 4102 480 4169; x_wconf 87' lang='lat'><strong>¹)</strong></span> <span class='ocrx_word' id='word_1_168' title='bbox 551 4103 653 4154; x_wconf 86' lang='lat' dir='ltr'><strong>Cic.</strong></span> <span class='ocrx_word' id='word_1_169' title='bbox 688 4103 835 4154; x_wconf 84' lang='lat' dir='ltr'><strong>Tusc.</strong></span> <span class='ocrx_word' id='word_1_170' title='bbox 872 4102 963 4153; x_wconf 85' lang='lat' dir='ltr'><strong>IV.</strong></span> <span class='ocrx_word' id='word_1_171' title='bbox 999 4106 1058 4164; x_wconf 82' lang='lat'><strong>3,</strong></span> <span class='ocrx_word' id='word_1_172' title='bbox 1094 4103 1139 4156; x_wconf 84' lang='lat'><strong>7.</strong></span> 
     </span>
     <span class='ocr_line' id='line_1_21' title="bbox 439 4197 1760 4263; baseline 0 -15"><span class='ocrx_word' id='word_1_173' title='bbox 439 4198 480 4263; x_wconf 75' lang='lat'><strong>²)</strong></span> <span class='ocrx_word' id='word_1_174' title='bbox 553 4197 653 4249; x_wconf 88' lang='lat' dir='ltr'><strong>Cic.</strong></span> <span class='ocrx_word' id='word_1_175' title='bbox 689 4198 829 4248; x_wconf 81' lang='lat' dir='ltr'><strong>Brut.</strong></span> <span class='ocrx_word' id='word_1_176' title='bbox 867 4200 926 4248; x_wconf 86' lang='lat'><strong>35</strong></span> <span class='ocrx_word' id='word_1_177' title='bbox 947 4234 961 4259; x_wconf 90' lang='lat'><strong>,</strong></span> <span class='ocrx_word' id='word_1_178' title='bbox 1000 4201 1087 4247; x_wconf 86' lang='lat'><strong>131</strong></span> <span class='ocrx_word' id='word_1_179' title='bbox 1123 4198 1401 4262; x_wconf 79' lang='lat' dir='ltr'><strong>„perfectus</strong></span> <span class='ocrx_word' id='word_1_180' title='bbox 1433 4199 1760 4263; x_wconf 80' lang='lat' dir='ltr'><strong>Epicureus”.</strong></span> 
     </span>
     <span class='ocr_line' id='line_1_22' title="bbox 439 4293 1362 4355; baseline 0.002 -14"><span class='ocrx_word' id='word_1_181' title='bbox 439 4294 478 4353; x_wconf 66' lang='grc'><strong>8)</strong></span> <span class='ocrx_word' id='word_1_182' title='bbox 543 4294 604 4343; x_wconf 81' lang='lat' dir='ltr'><strong>de</strong></span> <span class='ocrx_word' id='word_1_183' title='bbox 635 4293 754 4343; x_wconf 78' lang='lat' dir='ltr'><strong>Nat.</strong></span> <span class='ocrx_word' id='word_1_184' title='bbox 790 4294 936 4344; x_wconf 83' lang='lat' dir='ltr'><strong>Deor.</strong></span> <span class='ocrx_word' id='word_1_185' title='bbox 975 4294 1020 4343; x_wconf 93' lang='grc' dir='ltr'><strong>Ι.</strong></span> <span class='ocrx_word' id='word_1_186' title='bbox 1056 4298 1114 4355; x_wconf 87' lang='grc'><strong>6,</strong></span> <span class='ocrx_word' id='word_1_187' title='bbox 1154 4297 1212 4343; x_wconf 85' lang='grc'><strong>16</strong></span> <span class='ocrx_word' id='word_1_188' title='bbox 1247 4298 1362 4345; x_wconf 81' lang='lat' dir='ltr'><strong>cett.</strong></span> 
     </span>
     <span class='ocr_line' id='line_1_23' title="bbox 438 4388 2683 4451; baseline 0 -13"><span class='ocrx_word' id='word_1_189' title='bbox 438 4388 480 4451; x_wconf 82' lang='lat'><strong>⁴)</strong></span> <span class='ocrx_word' id='word_1_190' title='bbox 548 4389 611 4438; x_wconf 68' lang='lat' dir='ltr'><strong>ad</strong></span> <span class='ocrx_word' id='word_1_191' title='bbox 645 4389 783 4439; x_wconf 77' lang='lat' dir='ltr'><strong>Fam.</strong></span> <span class='ocrx_word' id='word_1_192' title='bbox 819 4388 931 4438; x_wconf 88' lang='lat' dir='ltr'><strong>XV.</strong></span> <span class='ocrx_word' id='word_1_193' title='bbox 971 4392 1063 4450; x_wconf 89' lang='grc'><strong>16,</strong></span> <span class='ocrx_word' id='word_1_194' title='bbox 1102 4392 1178 4439; x_wconf 88' lang='grc'><strong>19.</strong></span> <span class='ocrx_word' id='word_1_195' title='bbox 1245 4389 1421 4441; x_wconf 79' lang='lat' dir='ltr'><strong>Horat.</strong></span> <span class='ocrx_word' id='word_1_196' title='bbox 1459 4390 1562 4441; x_wconf 83' lang='lat' dir='ltr'><strong>Sat.</strong></span> <span class='ocrx_word' id='word_1_197' title='bbox 1598 4390 1673 4440; x_wconf 91' lang='lat'><strong>11.</strong></span> <span class='ocrx_word' id='word_1_198' title='bbox 1709 4394 1755 4439; x_wconf 82' lang='lat'><strong>4.</strong></span> <span class='ocrx_word' id='word_1_199' title='bbox 1825 4388 1998 4447; x_wconf 86' lang='lat' dir='ltr'><strong>Quint.</strong></span> <span class='ocrx_word' id='word_1_200' title='bbox 2035 4389 2161 4440; x_wconf 82' lang='lat' dir='ltr'><strong>Inst.</strong></span> <span class='ocrx_word' id='word_1_201' title='bbox 2198 4390 2320 4439; x_wconf 79' lang='lat' dir='ltr'><strong>Orat</strong></span> <span class='ocrx_word' id='word_1_202' title='bbox 2371 4388 2435 4439; x_wconf 87' lang='lat' dir='ltr'><strong>X.</strong></span> <span class='ocrx_word' id='word_1_203' title='bbox 2475 4394 2499 4439; x_wconf 93' lang='lat'>1</span> <span class='ocrx_word' id='word_1_204' title='bbox 2525 4426 2539 4451; x_wconf 87' lang='lat'>‚</span> <span class='ocrx_word' id='word_1_205' title='bbox 2576 4392 2683 4439; x_wconf 82' lang='lat'><strong>123.</strong></span> 
     </span>
     <span class='ocr_line' id='line_1_24' title="bbox 440 4483 1058 4549; baseline -0.003 -15"><span class='ocrx_word' id='word_1_206' title='bbox 440 4484 480 4549; x_wconf 83' lang='lat'><strong>⁵)</strong></span> <span class='ocrx_word' id='word_1_207' title='bbox 550 4485 613 4534; x_wconf 68' lang='lat' dir='ltr'><strong>ad</strong></span> <span class='ocrx_word' id='word_1_208' title='bbox 646 4484 784 4535; x_wconf 74' lang='lat' dir='ltr'><strong>Fam.</strong></span> <span class='ocrx_word' id='word_1_209' title='bbox 819 4483 944 4534; x_wconf 87' lang='lat' dir='ltr'><strong>VII.</strong></span> <span class='ocrx_word' id='word_1_210' title='bbox 983 4487 1058 4533; x_wconf 86' lang='lat'><strong>12.</strong></span> 
     </span>
     <span class='ocr_line' id='line_1_25' title="bbox 439 4578 1237 4643; baseline 0 -14"><span class='ocrx_word' id='word_1_211' title='bbox 439 4578 482 4640; x_wconf 80' lang='lat'><strong>⁸)</strong></span> <span class='ocrx_word' id='word_1_212' title='bbox 548 4579 716 4629; x_wconf 77' lang='lat' dir='ltr'><strong>Madv.</strong></span> <span class='ocrx_word' id='word_1_213' title='bbox 751 4580 812 4629; x_wconf 83' lang='lat' dir='ltr'><strong>de</strong></span> <span class='ocrx_word' id='word_1_214' title='bbox 846 4578 1009 4629; x_wconf 81' lang='lat' dir='ltr'><strong>Finib.</strong></span> <span class='ocrx_word' id='word_1_215' title='bbox 1042 4594 1156 4643; x_wconf 78' lang='lat' dir='ltr'><strong>pag.</strong></span> <span class='ocrx_word' id='word_1_216' title='bbox 1191 4581 1237 4629; x_wconf 84' lang='lat'><strong>5.</strong></span> 
     </span>
     <span class='ocr_line' id='line_1_26' title="bbox 393 4673 1288 4737; baseline 0.001 -14"><span class='ocrx_word' id='word_1_217' title='bbox 393 4694 398 4699; x_wconf 93' lang='lat'><em>·</em></span> <span class='ocrx_word' id='word_1_218' title='bbox 440 4673 482 4737; x_wconf 76' lang='grc'><strong>11)</strong></span> <span class='ocrx_word' id='word_1_219' title='bbox 549 4674 610 4723; x_wconf 83' lang='lat' dir='ltr'><strong>de</strong></span> <span class='ocrx_word' id='word_1_220' title='bbox 641 4674 762 4725; x_wconf 82' lang='lat' dir='ltr'><strong>Nat.</strong></span> <span class='ocrx_word' id='word_1_221' title='bbox 797 4676 929 4725; x_wconf 83' lang='lat' dir='ltr'><strong>deor.</strong></span> <span class='ocrx_word' id='word_1_222' title='bbox 965 4674 1010 4723; x_wconf 92' lang='grc' dir='ltr'><strong>Ι.</strong></span> <span class='ocrx_word' id='word_1_223' title='bbox 1045 4678 1104 4723; x_wconf 83' lang='lat'><strong>41</strong></span> <span class='ocrx_word' id='word_1_224' title='bbox 1126 4710 1141 4735; x_wconf 88' lang='lat'><strong>,</strong></span> <span class='ocrx_word' id='word_1_225' title='bbox 1179 4676 1288 4724; x_wconf 83' lang='lat'><strong>119.</strong></span> 
     </span>
     <span class='ocr_line' id='line_1_27' title="bbox 438 4769 921 4832; baseline 0 -12"><span class='ocrx_word' id='word_1_226' title='bbox 438 4769 482 4832; x_wconf 72' lang='grc'><strong>8)</strong></span> <span class='ocrx_word' id='word_1_227' title='bbox 548 4770 695 4820; x_wconf 85' lang='lat' dir='ltr'><strong>Lucr.</strong></span> <span class='ocrx_word' id='word_1_228' title='bbox 731 4770 775 4819; x_wconf 92' lang='grc' dir='ltr'><strong>Ι.</strong></span> <span class='ocrx_word' id='word_1_229' title='bbox 814 4772 921 4820; x_wconf 86' lang='grc'><strong>120.</strong></span> 
     </span>
    </p>
   </div>
  </div>
 </body>
</html>
