3529 5359
1617 403 1699 467 37

435 603 766 668 videmus:
835 605 1059 669 eodem
1111 605 1300 670 modo
1350 607 1522 670 enim
1567 627 1752 670 omne
1800 607 2075 693 spatium
2118 606 2478 692 primordiis
2524 613 2622 671 est
2666 607 2874 693 reple-

434 727 573 785 tum
597 772 614 806 ‚
683 745 844 809 quae
911 730 1218 810 perpetuo
1278 730 1653 807 moventur,
1723 725 1845 788 etsi
1887 746 2016 788 non
2059 725 2351 789 videmus
2396 725 2624 811 quibus
2668 725 2877 812 plagis

435 839 562 903 sint
631 841 926 904 excitata.
1025 841 1368 906 Moventur
1434 842 1631 926 igitur
1695 842 2041 928 primordia
2083 843 2359 928 primum
2404 863 2520 928 per
2563 863 2629 906 se
2675 848 2741 907 et
2785 863 2876 907 se-

435 957 742 1042 paratim3
811 957 1040 1022 deinde
1106 959 1410 1023 nonnulla
1477 959 1894 1024 conciliantur
1956 959 2049 1023 ita
2103 965 2177 1023 ut
2244 959 2691 1045 „parvissima”
2741 981 2875 1024 cor-

435 1095 592 1159 pora
636 1074 980 1158 exsistant,
1027 1097 1188 1162 quae
1236 1075 1385 1140 dum
1429 1083 1768 1141 moventur
1794 1125 1811 1160 ‚
1854 1083 2167 1162 perpetuo
2216 1076 2357 1141 aliis
2389 1077 2616 1140 atomis
2640 1097 2875 1161 augen-

433 1197 541 1254 tur
563 1241 580 1274 ‚
625 1192 718 1256 ita
758 1199 832 1256 ut
875 1193 1134 1257 tandem
1178 1193 1336 1258 haec
1383 1216 1644 1280 corpora
1689 1200 2065 1277 nascantur,
2096 1215 2258 1280 quae
2288 1215 2457 1258 nunc
2488 1194 2780 1258 videmus
2808 1195 2872 1277 ¹).

434 1309 563 1374 Hic
625 1317 836 1374 motus
902 1317 1256 1377 atomorum
1323 1333 1650 1398 nunquam
1716 1312 1973 1375 initium
2042 1311 2270 1375 habuit
2330 1332 2539 1397 neque
2595 1332 2873 1396 unquam

435 1427 749 1510 cessabit3
813 1449 1003 1492 causa
1062 1428 1200 1492 eius
1267 1429 1436 1492 enim
1484 1434 1580 1492 est
1627 1429 1840 1512 gravis
1884 1434 2114 1493 natura
2157 1434 2511 1492 atomorum
2560 1432 2623 1491 et
2666 1427 2875 1491 inanis

433 1551 662 1608 natura
686 1595 702 1628 ,
771 1566 934 1632 quae
1000 1547 1077 1610 iis
1143 1553 1455 1633 perpetuo
1499 1547 1710 1611 locum
1755 1547 2022 1631 praebet
2068 1567 2186 1632 per
2230 1566 2420 1632 quem
2463 1550 2873 1628 moveantur,

437 1683 521 1726 ex
588 1662 688 1726 his
753 1663 953 1748 igitur
1031 1664 1320 1746 „initium
1388 1665 1664 1750 primum
1733 1664 1905 1749 capit
1947 1684 2054 1728 res
2101 1684 2391 1750 quaeque
2436 1662 2777 1728 movendi”
2802 1660 2873 1742 2).

434 1779 737 1844 Materies
783 1787 848 1845 et
889 1787 1100 1845 motus
1144 1782 1389 1845 secerni
1437 1803 1564 1845 non
1607 1787 1894 1868 possunt.

523 1896 776 1976 Quanta
833 1903 1048 1961 autem
1092 1898 1420 1962 celeritate
1467 1898 1664 1962 atomi
1708 1902 2089 1962 moveantur
2134 1897 2425 1983 patebit,
2504 1897 2556 1960 si
2602 1919 2746 1961 cum
2800 1918 2878 1961 ea

435 2012 585 2076 solis
642 2013 964 2079 radiorum
1007 2013 1430 2078 mobilitatem
1476 2013 1897 2097 conferimus,
1960 2035 2085 2099 qua
2127 2013 2222 2077 illi
2265 2013 2529 2076 minima
2572 2013 2877 2098 temporis

434 2137 616 2216 parte
685 2131 898 2195 omnia
940 2132 1009 2195 in
1054 2137 1225 2195 terra
1269 2131 1632 2195 illustrant:
1701 2137 1768 2195 at
1814 2131 2010 2195 atomi
2058 2131 2260 2195 multo
2308 2131 2495 2194 citius
2539 2135 2879 2194 moventur

435 2271 581 2314 cum
649 2271 767 2314 nec
812 2271 1076 2336 corpora
1120 2250 1457 2336 complexa
1501 2249 1628 2313 sint
1671 2255 1744 2313 ut
1787 2249 1987 2329 radii,
2033 2270 2152 2313 nec
2196 2271 2312 2335 per
2353 2250 2637 2314 medium
2682 2249 2876 2336 quod-

439 2368 584 2431 dam
630 2367 742 2432 sed
785 2389 901 2453 per
945 2369 1134 2432 inane
1180 2368 1450 2451 cadant,
1496 2368 1588 2431 ita
1633 2374 1705 2431 ut
1750 2367 1913 2431 nihil
1960 2367 2040 2432 iis
2084 2368 2340 2432 resistat
2373 2365 2442 2445 ³).
2490 2367 2693 2432 Poeta
2735 2389 2877 2453 por-

435 2506 505 2549 ro
535 2483 586 2568 4)
655 2492 871 2550 censet
940 2507 1076 2550 esse
1123 2485 1436 2572 quaedam
1481 2485 1926 2570 phaenomena
1946 2535 1963 2568 ,
2009 2506 2171 2572 quae
2220 2484 2598 2571 discipulum
2642 2509 2682 2550 a
2724 2506 2878 2549 vera

435 2605 681 2668 ratione
748 2610 1037 2668 avertere
1105 2603 1380 2690 possint:
1452 2603 1616 2667 hanc
1684 2603 1763 2666 ob
1822 2624 1958 2667 rem
2004 2624 2151 2667 eum
2196 2609 2413 2667 monet
2456 2603 2696 2670 nullam
2738 2624 2877 2668 rem

435 2743 550 2787 sua
597 2724 658 2787 vi
702 2744 952 2787 sursum
994 2723 1145 2787 ferri
1189 2744 1410 2809 posse3
1457 2744 1620 2809 quae
1665 2743 2023 2808 repugnare
2070 2727 2290 2785 contra
2317 2721 2481 2785 hanc
2512 2721 2877 2807 opinionem

435 2841 734 2906 videntur
795 2842 1006 2927 sagaci
1049 2847 1263 2905 mente
1311 2842 1634 2927 explicat,
1695 2840 2089 2925 argumentis
2135 2840 2345 2904 allatis
2389 2860 2659 2926 quorum
2706 2839 2876 2903 simi-

436 2958 525 3023 lia
569 2960 738 3046 apud
783 2960 1136 3045 Epicurum
1179 2980 1309 3023 non
1354 2958 1735 3023 invenimus.

521 3078 760 3143 Mirum
804 3078 987 3141 nobis
1029 3078 1284 3142 videtur
1326 3078 1575 3141 nullum
1610 3077 1957 3141 multorum
2002 3076 2303 3141 vitiorum
2344 3074 2609 3161 Epicuri
2650 3073 2878 3139 doctri-

436 3216 556 3260 nae
624 3218 663 3260 a
706 3196 1005 3260 Lucretio
1057 3194 1567 3259 animadversum
1614 3200 1680 3258 et
1727 3194 2037 3257 ev'itatum
2084 3213 2264 3256 esse:
2312 3192 2483 3279 quod
2526 3192 2876 3256 certissimo

436 3314 617 3379 nobis
650 3320 746 3378 est
789 3314 852 3377 in
861 3313 1023 3377 dicio
1069 3334 1216 3377 eum
1261 3312 1549 3396 magistri
1595 3294 2061 3397 philosophiam
2107 3315 2356 3374 tantum
2387 3311 2876 3396 interpretatum

438 3452 610 3514 esse,
679 3431 847 3519 quod
904 3437 1236 3517 praeterea
1277 3430 1684 3517 perspicuum
1730 3433 1827 3493 est
1858 3450 1893 3493 e
1923 3429 2077 3493 locis
2107 3428 2271 3493 infra
2300 3450 2339 3492 a
2368 3428 2549 3492 nobis
2580 3428 2873 3492 laudatis·

436 3550 753 3635 Epicurus
824 3549 1006 3613 docet
1074 3554 1317 3612 atomos
1385 3553 1694 3633 perpetuo
1766 3546 1993 3611 cadere
2038 3567 2155 3632 per
2196 3567 2505 3628 vacuum,
2567 3545 2680 3609 sed
2724 3567 2876 3631 quo-

436 3668 624 3732 modo
669 3667 737 3731 id
784 3666 1115 3731 concinere
1160 3665 1360 3751 possit
1399 3686 1544 3730 cum
1591 3664 1821 3728 ceteris
1846 3713 1862 3746 ,
1908 3683 2069 3749 quae
2118 3662 2301 3726 docet
2326 3712 2342 3745 ,
2394 3683 2523 3725 non
2575 3642 2876 3747 perspieiss

505 3890 543 3951 ¹)
613 3886 749 3937 Stob.
783 3885 896 3935 Ecl.
933 3884 989 3946 I,
1023 3888 1151 3946 366,
1203 3884 1504 3949 Ἐπίκουρός
1540 3881 1734 3948 (φησιν)
1773 3882 2103 3945 ἀπερίληπτα
2140 3881 2265 3929 εἶναι
2300 3880 2366 3929 τὰ
2399 3880 2640 3942 σώματα,
2692 3877 2779 3927 καὶ
2811 3878 2876 3927 τὰ

437 3988 616 4043 πρῶτα
649 3985 738 4045 μὲν
771 3982 916 4032 ἁπλᾶ
940 3993 953 4006 ·
977 3982 1040 4029 τὰ
1073 3979 1124 4028 δὲ
1157 3980 1207 4035 ἐξ
1243 3979 1442 4027 ἐκείνων
1474 3977 1795 4041 συγκρίματα
1829 3974 1990 4038 βάρος
2022 3973 2177 4037 ἔχειν.

501 4076 542 4141 ²)
613 4076 758 4125 Lucr.
793 4074 850 4134 Ι,
886 4076 1013 4135 383,
1049 4072 1139 4132 ΙΙ,
1177 4074 1253 4120 92.
1289 4071 1428 4135 Epic.
1463 4071 1528 4120 D.
1563 4070 1624 4119 L.
1659 4069 1733 4130 X,
1771 4072 1865 4129 44,
1902 4069 2039 4133 ἀρχὴ
2073 4067 2122 4118 δὲ
2158 4066 2357 4118 τούτων
2379 4067 2473 4117 οὐκ
2494 4066 2664 4127 ἔστιν,
2699 4062 2875 4115 αἰτιῶν

439 4178 543 4223 τῶν
577 4172 776 4235 ἀτόμων
808 4170 974 4221 οὐσῶν
1008 4170 1093 4217 καὶ
1127 4170 1218 4217 τοῦ
1252 4170 1413 4217 κενοῦ.

501 4267 546 4330 ³)
613 4266 678 4315 D.
713 4266 772 4315 L.
807 4264 889 4325 X,
943 4267 1004 4313 46
1049 4264 1132 4313 καὶ
1178 4264 1281 4326 μὴν
1325 4263 1410 4313 καὶ
1458 4260 1488 4321 ἡ
1532 4260 1613 4311 δια
1647 4264 1736 4311 τοῦ
1772 4262 1919 4310 κενοῦ
1953 4262 2083 4325 φορὰ
2117 4260 2251 4309 κατὰ
2284 4256 2533 4323 μηδεμίαν
2576 4254 2875 4315 ἀπάντησιν

439 4368 545 4413 τῶν
587 4360 982 4426 ἀντικοψὰντων
1015 4358 1251 4424 γινομένη
1287 4361 1396 4407 πᾶν
1425 4361 1584 4420 μῆκος
1618 4358 1940 4420 περιληπτὸν
1970 4356 2025 4404 ἐν
2058 4352 2382 4419 ἀπερινοήτῳ
2421 4353 2590 4417 χρόνῳ
2626 4354 2873 4403 συντελεῖ.

503 4458 545 4522 4)
613 4456 699 4507 Vs.
740 4458 991 4505 165—184
1034 4454 1133 4503 huc
1165 4469 1266 4504 non
1296 4452 1540 4503 referendi
1584 4457 1715 4503 sunt.
1786 4450 1862 4501 cf.
1898 4449 2099 4500 Lachm.
2136 4451 2329 4513 (comm.
2363 4464 2413 4511 p.
2448 4446 2561 4512 84),
2596 4447 2677 4495 cui
2708 4459 2874 4495 assen-

437 4554 536 4604 tior
553 4590 566 4614 ,
626 4568 922 4618 quamquam
954 4550 1101 4600 fateri
1153 4566 1300 4613 cogor
1351 4564 1430 4598 me
1482 4564 1584 4597 non
1636 4546 1921 4611 intellegere
1938 4582 1953 4605 ,
2010 4544 2097 4610 qui
2152 4543 2239 4593 ille
2278 4542 2400 4593 alibi
2440 4542 2681 4591 affirmare
2720 4541 2879 4604 possit

437 4648 622 4699 librum
651 4649 866 4712 primum
899 4662 928 4695 a
959 4651 1104 4710 poeta
1135 4644 1416 4695 absolutum
1461 4658 1567 4693 esse
1617 4642 1697 4703 (cf.
1755 4658 1929 4692 comm.
1980 4641 2056 4689 ad.
2109 4640 2136 4690 Ι
2156 4675 2171 4701 ,
2206 4642 2350 4705 922),
2385 4636 2473 4705 qui
2503 4636 2631 4688 liber
2646 4672 2661 4698 ‚
2705 4639 2767 4686 ut
2796 4651 2875 4686 os·

409 4718 412 4721 ἢ
439 4742 688 4795 tendimus
704 4780 718 4805 ‚
768 4742 942 4792 iisdem
973 4741 1166 4790 laborat
1196 4739 1334 4789 vitiis
1367 4738 1547 4804 quibus
1579 4736 1744 4787 ceteri.
