3529 5359
1770 357 1810 420 6

571 577 736 645 quae
807 557 924 640 „de
988 577 1204 622 rerum
1247 557 1517 623 natura”
1564 559 1949 646 scripserunt
1974 610 1991 644 ‚
2058 582 2186 625 non
2245 561 2399 626 artis
2443 561 2769 628 vocabulis
2812 562 3005 648 vulgo

572 674 807 759 ignotis
851 673 1281 758 tradiderunt,
1329 673 1440 740 sed
1483 695 1597 740 suo
1642 696 1932 742 sermone
1978 677 2365 763 quotidiano.

658 793 834 858 Ante
879 815 1096 858 omnes
1139 815 1325 881 porro
1371 815 1590 860 causas
1633 794 1793 861 haec
1836 796 2246 861 memoranda
2289 801 2428 880 est,
2483 796 2651 883 quod
2694 795 3007 884 Epicurus

573 912 836 1000 eiusque
891 912 1184 999 discipuli
1225 913 1691 1000 pollicebantur
1734 935 1803 982 se
1846 914 2113 1001 physica
2158 915 2444 980 doctrina
2488 916 2735 981 animos
2779 938 2818 981 a
2863 915 3009 981 deo·

569 1051 712 1095 rum
769 1031 1114 1117 mortisque
1179 1036 1357 1096 metu
1422 1031 1802 1096 liberaturos
1870 1051 2027 1097 esse.
2125 1031 2466 1115 „Omnium
2535 1038 2751 1098 autem
2794 1053 3009 1098 rerum

574 1153 805 1214 natura
872 1148 1127 1232 cognita
1190 1148 1478 1214 levamur
1544 1148 1990 1235 superstitione
2014 1199 2031 1232 ,
2097 1148 2443 1215 liberamur
2507 1151 2728 1215 mortis
2792 1155 3008 1233 metu,

574 1285 702 1328 non
769 1262 1218 1329 conturbamur
1278 1263 1674 1349 ignoratione
1733 1285 1991 1348 rerum,
2062 1285 2097 1328 e
2142 1287 2268 1351 qua
2311 1266 2451 1352 ipsa
2491 1265 2845 1330 horribiles·
2876 1265 3011 1330 exi-

577 1385 753 1445 stunt
781 1347 1409 1466 saepe'formidines3
1456 1381 1728 1468 denique
1762 1382 1957 1446 etiam
1987 1382 2216 1446 morati
2244 1382 2473 1446 melius
2504 1384 2739 1447 erimus
2756 1432 2773 1465 ,
2818 1403 3013 1469 quum

578 1497 1024 1582 didicerimus,
1071 1497 1223 1584 quid
1266 1503 1493 1563 natura
1537 1497 1893 1564 desideret”
1928 1496 1986 1582 ¹).
2076 1497 2222 1563 Hoc
2266 1498 2603 1584 plerosque
2648 1497 3010 1564 alliciebat:

576 1636 725 1679 nam
783 1616 993 1699 gravis
1053 1615 1451 1702 opprimebat
1495 1617 1738 1680 animos
1784 1617 2148 1702 superstitio
2183 1615 2229 1699 ²)
2275 1621 2340 1680 et
2384 1617 2629 1681 Romae
2674 1615 2843 1680 idem
2888 1616 3013 1681 fac-

581 1737 720 1795 tum
765 1737 889 1816 est,
936 1731 1104 1818 quod
1145 1731 1215 1795 in
1245 1731 1517 1797 Graecia
1546 1737 1738 1818 atque
1784 1731 2145 1819 ubicunque
2178 1738 2428 1797 veteres
2457 1753 2665 1797 mores
2696 1738 2761 1797 et
2789 1733 3013 1818 religio

583 1854 649 1913 et
711 1849 920 1914 cultus
965 1849 1316 1934 potentiam
1361 1870 1541 1913 suam
1585 1849 1653 1913 in
1694 1848 2023 1914 hominum
2068 1850 2313 1914 animos
2356 1850 2704 1915 amiserunt
2749 1855 2814 1914 et
2856 1870 3016 1937 pug-

582 1971 738 2031 nant
805 1987 950 2030 cum
1014 1965 1152 2030 aliis
1218 1965 1401 2030 novis
1462 1965 1864 2052 opinionibus
1924 1972 1990 2030 et
2072 1965 2374 2030 doctrinis
2453 1966 3012 2053 philosophorum:

585 2084 817 2169 vulgus
860 2083 1225 2170 turpissima
1268 2083 1716 2170 superstitione
1760 2083 2056 2166 vincitur,
2102 2102 2247 2147 cum
2284 2083 2353 2146 in
2381 2082 2535 2148 duas
2578 2089 2793 2170 partes
2822 2083 3016 2148 ceteri

589 2200 920 2266 discedunt
987 2202 1191 2284 cives,
1260 2221 1526 2287 quarum
1585 2200 1788 2266 altera
1830 2201 1898 2264 in
1943 2199 2162 2264 officiis
2206 2200 2531 2266 servandis
2574 2207 2641 2265 et
2684 2201 3017 2266 sanctitate

590 2319 1114 2406 tranquillitatem
1159 2319 1407 2405 quaerit
1450 2318 1687 2402 animi,
1756 2323 1830 2383 ut
1876 2317 2114 2401 Stoici,
2174 2320 2379 2400 altera
2445 2338 2596 2382 vero
2640 2319 2828 2405 plane
2874 2339 3018 2383 con-

591 2435 822 2500 temnit
867 2455 1120 2500 omnem
1162 2435 1536 2520 religionem
1581 2433 1949 2520 cultumque
1981 2432 2243 2498 deorum
2272 2454 2529 2520 prorsus
2573 2433 2901 2518 neglegit,
2946 2438 3019 2498 ut

590 2551 891 2639 Epicurei
922 2553 987 2636 ³).
1075 2552 1421 2617 Praeterea
1488 2549 1733 2615 Romae
1802 2549 2111 2635 imprimis
2126 2599 2143 2632 ,
2210 2549 2321 2614 ubi
2388 2549 2617 2634 religio
2684 2571 2829 2616 cum
2885 2553 3021 2613 tota

589 2671 723 2737 vita
788 2670 1136 2736 arctissime
1182 2674 1319 2735 erat
1362 2669 1717 2752 coniuncta,
1762 2667 1883 2733 hoc
1931 2690 2089 2734 onus
2134 2667 2575 2754 gravissimum
2618 2668 2871 2734 abicere
2915 2689 3020 2733 cu-

591 2790 894 2877 piebant,
963 2787 1132 2875 quod
1197 2794 1328 2852 tam
1396 2787 1505 2851 diu
1565 2787 1846 2851 omnium
1891 2787 2135 2853 animos
2179 2793 2595 2874 oppresserat.
2684 2787 3020 2853 Lucretius

593 2908 732 2994 ipse
776 2907 942 2971 hanc
987 2926 1242 2971 causam
1287 2904 1506 2988 affert,
1553 2925 1666 2969 cur
1709 2904 2061 2991 Epicurum
2104 2910 2283 2969 tanta
2325 2904 2563 2991 pietate
2608 2906 2813 2971 colat:

848 3022 1154 3088 Humana
1194 3027 1345 3087 ante
1389 3021 1603 3087 oculos
1647 3020 1831 3086 foede
1878 3041 2023 3087 cum
2068 3021 2203 3086 vita
2246 3020 2485 3086 iaceret

851 3140 920 3204 in
962 3139 1149 3205 terris
1192 3160 1493 3227 oppressa
1535 3139 1715 3225 gravi
1760 3138 1877 3203 sub
1922 3137 2233 3223 religione
2252 3187 2269 3221 ,

851 3279 1014 3345 quae
1059 3240 1250 3344 caput
1293 3280 1332 3323 a
1375 3258 1535 3324 caeli
1578 3258 1945 3344 regionibus
1991 3255 2366 3321 ostendebat

849 3375 1138 3441 horribili
1183 3376 1372 3461 super
1415 3381 1677 3463 aspectu
1719 3374 2094 3439 mortalibus
2138 3374 2380 3438 instans
2405 3422 2422 3456 ,

853 3494 1129 3580 primum
1176 3492 1408 3559 Graius
1448 3493 1637 3558 homo
1680 3493 1967 3557 mortalis
2010 3490 2273 3555 tendere
2319 3495 2538 3555 contra

857 3616 955 3677 est
998 3611 1213 3675 oculos
1256 3632 1448 3676 ausus
1472 3660 1489 3694 ,
1533 3611 1901 3698 primusque
1947 3608 2252 3673 obsistere
2297 3613 2557 3691 contra3

853 3750 1044 3816 quem
1087 3749 1296 3816 neque
1340 3729 1487 3794 fana
1532 3729 1720 3794 deum
1762 3748 1882 3792 nec
1926 3726 2194 3791 fulmina
2236 3746 2353 3790 nec
2397 3724 2718 3789 minitanti

854 3868 1176 3912 murmure
1221 3847 1591 3934 compressit
1634 3846 1882 3911 caelum
1905 3894 1922 3928 ‚
1969 3843 2080 3909 sed
2125 3865 2199 3909 eo
2244 3844 2446 3929 magis
2490 3862 2701 3908 acrem

854 3963 1077 4029 inritat
1119 3964 1315 4029 animi
1358 3964 1663 4028 virtutem
1688 4012 1705 4046 ,
1751 3962 2089 4047 effringere
2134 3966 2207 4026 ut
2249 3966 2389 4027 arta

858 4086 1124 4146 naturae
1169 4082 1410 4167 primus
1455 4087 1781 4167 portarum
1823 4080 2098 4145 claustra
2140 4078 2405 4165 cupiret.

665 4330 706 4395 ¹)
778 4327 882 4379 Cic.
915 4326 977 4378 do
1010 4326 1123 4377 Fin.
1157 4326 1201 4377 L
1240 4330 1327 4388 19,
1363 4330 1442 4377 63.

665 4422 706 4489 ²)
778 4422 856 4474 cf.
891 4422 1064 4473 Horat.
1103 4422 1205 4473 Sat.
1241 4421 1284 4471 1.
1319 4424 1348 4472 5
1369 4458 1384 4484 ,
1420 4422 1481 4474 97
1514 4436 1646 4487 seqq.
1683 4424 1726 4471 8.

664 4519 705 4584 ³)
777 4518 925 4582 Apud
959 4517 1169 4569 Iudaeos
1201 4516 1454 4567 Pharisaei
1486 4520 1538 4568 et
1572 4516 1857 4567 Sadducaei.
1924 4516 2081 4583 Baylo
2094 4553 2107 4577 ,
2152 4515 2387 4567 dictionn.
2420 4512 2538 4565 hist.
2573 4519 2625 4565 et
2655 4510 2764 4563 crit.
2798 4509 2926 4561 ὀίω·
2956 4510 3031 4560 ed.

498 4614 502 4621 '
603 4616 761 4665 Amst.
813 4613 962 4673 1740,
1011 4610 1104 4661 sub
1144 4627 1264 4663 voco
1295 4610 1570 4678 Epicurus:
1642 4612 1773 4676 „Les
1807 4609 2047 4663 Stoiciens
2080 4610 2231 4677 qu’on
2262 4608 2483 4675 pourrait
2513 4622 2735 4659 nommer
2764 4606 2837 4657 les
2867 4604 3035 4671 phari·

604 4710 734 4762 siens
767 4709 835 4759 du
864 4705 1196 4776 paganisme.”
